<?xml version="1.0" encoding="UTF-8"?>
<!DOCTYPE html PUBLIC "-//W3C//DTD XHTML 1.0 Transitional//EN"
    "http://www.w3.org/TR/xhtml1/DTD/xhtml1-transitional.dtd">
<html xmlns="http://www.w3.org/1999/xhtml" xml:lang="en" lang="en">
 <head>
  <title>
</title>
<meta http-equiv="Content-Type" content="text/html;charset=utf-8" />
  <meta name='ocr-system' content='tesseract 3.04.00' />
  <meta name='ocr-capabilities' content='ocr_page ocr_carea ocr_par ocr_line ocrx_word'/>
</head>
<body>
  <div class='ocr_page' id='page_1' title='image "./lerationaldespr03marc_0113.png"; bbox 0 0 1884 3164; ppageno 0'>
   <div class='ocr_carea' id='block_1_1' title="bbox 95 113 1683 1520">
    <p class='ocr_par' dir='ltr' id='par_1_1' title="bbox 96 113 1671 337">
     <span class='ocr_line' id='line_1_1' title="bbox 1591 113 1671 155; baseline 0.013 -1"><span class='ocrx_word' id='word_1_1' title='bbox 1591 113 1671 155; x_wconf 80' lang='lat'>103</span> 
     </span>
     <span class='ocr_line' id='line_1_2' title="bbox 96 201 1670 272; baseline -0.02 1"><span class='ocrx_word' id='word_1_2' title='bbox 96 235 162 272; x_wconf 87' lang='lat' dir='ltr'>tre</span> <span class='ocrx_word' id='word_1_3' title='bbox 180 232 244 271; x_wconf 82' lang='lat' dir='ltr'>est</span> <span class='ocrx_word' id='word_1_4' title='bbox 260 227 431 270; x_wconf 69' lang='lat' dir='ltr'>romena</span> <span class='ocrx_word' id='word_1_5' title='bbox 449 225 476 265; x_wconf 71' lang='lat' dir='ltr'>a</span> <span class='ocrx_word' id='word_1_6' title='bbox 492 223 536 263; x_wconf 85' lang='grc'>18</span> <span class='ocrx_word' id='word_1_7' title='bbox 549 219 610 261; x_wconf 87' lang='lat' dir='ltr'>foi</span> <span class='ocrx_word' id='word_1_8' title='bbox 627 230 704 272; x_wconf 84' lang='lat' dir='ltr'>pur</span> <span class='ocrx_word' id='word_1_9' title='bbox 721 213 1082 261; x_wconf 84' lang='lat' dir='ltr'>l’attouchemcnt‚</span> <span class='ocrx_word' id='word_1_10' title='bbox 1106 212 1227 250; x_wconf 87' lang='lat' dir='ltr'>notre</span> <span class='ocrx_word' id='word_1_11' title='bbox 1246 204 1376 259; x_wconf 80' lang='lat' dir='ltr'>esprit</span> <span class='ocrx_word' id='word_1_12' title='bbox 1395 207 1458 245; x_wconf 87' lang='lat' dir='ltr'>est</span> <span class='ocrx_word' id='word_1_13' title='bbox 1478 201 1670 244; x_wconf 76' lang='lat' dir='ltr'>raffermi</span> 
     </span>
     <span class='ocr_line' id='line_1_3' title="bbox 98 276 1193 337; baseline -0.024 1"><span class='ocrx_word' id='word_1_14' title='bbox 98 296 204 337; x_wconf 86' lang='grc'><strong>(1885</strong></span> <span class='ocrx_word' id='word_1_15' title='bbox 222 296 263 336; x_wconf 94' lang='grc'>18</span> <span class='ocrx_word' id='word_1_16' title='bbox 275 293 336 334; x_wconf 87' lang='lat' dir='ltr'>foi</span> <span class='ocrx_word' id='word_1_17' title='bbox 354 293 397 331; x_wconf 86' lang='lat' dir='ltr'>et</span> <span class='ocrx_word' id='word_1_18' title='bbox 414 287 503 329; x_wconf 79' lang='lat' dir='ltr'>vnit</span> <span class='ocrx_word' id='word_1_19' title='bbox 520 283 768 337; x_wconf 69' lang='lat' dir='ltr'>disparuitre</span> <span class='ocrx_word' id='word_1_20' title='bbox 787 282 883 320; x_wconf 84' lang='lat' dir='ltr'>tous</span> <span class='ocrx_word' id='word_1_21' title='bbox 902 289 968 318; x_wconf 88' lang='grc'>885</span> <span class='ocrx_word' id='word_1_22' title='bbox 987 276 1152 316; x_wconf 84' lang='grc'><strong>(108185.</strong></span> <span class='ocrx_word' id='word_1_23' title='bbox 1174 287 1193 311; x_wconf 89' lang='lat'>»</span> 
     </span>
    </p>

    <p class='ocr_par' dir='ltr' id='par_1_2' title="bbox 95 334 1682 1193">
     <span class='ocr_line' id='line_1_4' title="bbox 151 334 1668 404; baseline -0.021 -2"><span class='ocrx_word' id='word_1_24' title='bbox 151 360 271 402; x_wconf 80' lang='lat' dir='ltr'>Saint</span> <span class='ocrx_word' id='word_1_25' title='bbox 288 353 477 398; x_wconf 80' lang='lat' dir='ltr'>Bernard</span> <span class='ocrx_word' id='word_1_26' title='bbox 498 349 612 404; x_wconf 83' lang='lat' dir='ltr'>parle</span> <span class='ocrx_word' id='word_1_27' title='bbox 632 350 657 388; x_wconf 79' lang='lat' dir='ltr'>a</span> <span class='ocrx_word' id='word_1_28' title='bbox 676 359 722 387; x_wconf 91' lang='lat' dir='ltr'>ce</span> <span class='ocrx_word' id='word_1_29' title='bbox 743 346 880 386; x_wconf 80' lang='lat' dir='ltr'>meme</span> <span class='ocrx_word' id='word_1_30' title='bbox 901 342 1010 394; x_wconf 86' lang='lat' dir='ltr'>sujet</span> <span class='ocrx_word' id='word_1_31' title='bbox 1041 349 1220 394; x_wconf 82' lang='lat' dir='ltr'>presque</span> <span class='ocrx_word' id='word_1_32' title='bbox 1252 336 1303 376; x_wconf 89' lang='lat' dir='ltr'>de</span> <span class='ocrx_word' id='word_1_33' title='bbox 1336 336 1377 375; x_wconf 89' lang='grc'>18</span> <span class='ocrx_word' id='word_1_34' title='bbox 1406 334 1546 373; x_wconf 76' lang='lat' dir='ltr'>meme</span> <span class='ocrx_word' id='word_1_35' title='bbox 1578 343 1668 372; x_wconf 84' lang='lat' dir='ltr'>ma-</span> 
     </span>
     <span class='ocr_line' id='line_1_5' title="bbox 96 396 1672 472; baseline -0.021 -5"><span class='ocrx_word' id='word_1_36' title='bbox 96 427 228 467; x_wconf 67' lang='grc'><strong>81818.</strong></span> <span class='ocrx_word' id='word_1_37' title='bbox 249 423 281 464; x_wconf 93' lang='grc'>11</span> <span class='ocrx_word' id='word_1_38' title='bbox 299 429 497 472; x_wconf 84' lang='lat' dir='ltr'>compare</span> <span class='ocrx_word' id='word_1_39' title='bbox 516 417 555 456; x_wconf 92' lang='lat' dir='ltr'>le</span> <span class='ocrx_word' id='word_1_40' title='bbox 574 414 702 454; x_wconf 89' lang='lat' dir='ltr'>doute</span> <span class='ocrx_word' id='word_1_41' title='bbox 722 412 774 452; x_wconf 90' lang='lat' dir='ltr'>de</span> <span class='ocrx_word' id='word_1_42' title='bbox 794 410 908 450; x_wconf 81' lang='lat' dir='ltr'><strong>saint</strong></span> <span class='ocrx_word' id='word_1_43' title='bbox 925 408 1111 448; x_wconf 79' lang='lat' dir='ltr'>Thomas</span> <span class='ocrx_word' id='word_1_44' title='bbox 1129 415 1232 444; x_wconf 83' lang='lat' dir='ltr'>avec</span> <span class='ocrx_word' id='word_1_45' title='bbox 1251 401 1311 442; x_wconf 87' lang='lat' dir='ltr'>les</span> <span class='ocrx_word' id='word_1_46' title='bbox 1338 396 1590 453; x_wconf 80' lang='lat' dir='ltr'>eponsailles</span> <span class='ocrx_word' id='word_1_47' title='bbox 1621 396 1672 436; x_wconf 90' lang='lat' dir='ltr'>de</span> 
     </span>
     <span class='ocr_line' id='line_1_6' title="bbox 96 460 1674 539; baseline -0.02 -7"><span class='ocrx_word' id='word_1_48' title='bbox 96 489 240 539; x_wconf 75' lang='lat' dir='ltr'>Mar-ie,</span> <span class='ocrx_word' id='word_1_49' title='bbox 262 489 304 528; x_wconf 85' lang='lat' dir='ltr'>et</span> <span class='ocrx_word' id='word_1_50' title='bbox 322 485 352 525; x_wconf 91' lang='lat' dir='ltr'>il</span> <span class='ocrx_word' id='word_1_51' title='bbox 371 497 424 525; x_wconf 90' lang='lat' dir='ltr'>en</span> <span class='ocrx_word' id='word_1_52' title='bbox 445 482 584 522; x_wconf 87' lang='lat' dir='ltr'>donne</span> <span class='ocrx_word' id='word_1_53' title='bbox 604 479 731 519; x_wconf 89' lang='lat' dir='ltr'>d’une</span> <span class='ocrx_word' id='word_1_54' title='bbox 751 475 934 517; x_wconf 74' lang='lat' dir='ltr'>cei-taine</span> <span class='ocrx_word' id='word_1_55' title='bbox 955 471 1146 512; x_wconf 72' lang='lat' dir='ltr'>muniere</span> <span class='ocrx_word' id='word_1_56' title='bbox 1166 469 1207 508; x_wconf 84' lang='lat' dir='ltr'>la</span> <span class='ocrx_word' id='word_1_57' title='bbox 1228 468 1364 507; x_wconf 78' lang='lat' dir='ltr'>meme</span> <span class='ocrx_word' id='word_1_58' title='bbox 1386 460 1674 504; x_wconf 86' lang='lat' dir='ltr'>raison.Voici</span> 
     </span>
     <span class='ocr_line' id='line_1_7' title="bbox 95 528 1672 606; baseline -0.02 -9"><span class='ocrx_word' id='word_1_59' title='bbox 95 567 160 597; x_wconf 81' lang='grc'>585</span> <span class='ocrx_word' id='word_1_60' title='bbox 180 553 343 606; x_wconf 83' lang='lat' dir='ltr'>paroles</span> <span class='ocrx_word' id='word_1_61' title='bbox 365 563 374 590; x_wconf 79' lang='lat' dir='ltr'><em>z</em></span> <span class='ocrx_word' id='word_1_62' title='bbox 402 565 421 586; x_wconf 88' lang='lat'>«</span> <span class='ocrx_word' id='word_1_63' title='bbox 443 550 503 589; x_wconf 88' lang='lat' dir='ltr'>De</span> <span class='ocrx_word' id='word_1_64' title='bbox 523 546 660 587; x_wconf 73' lang='lat' dir='ltr'>meme</span> <span class='ocrx_word' id='word_1_65' title='bbox 680 555 762 596; x_wconf 87' lang='lat' dir='ltr'>que</span> <span class='ocrx_word' id='word_1_66' title='bbox 781 541 980 587; x_wconf 80' lang='lat' dir='ltr'>Thomas,</span> <span class='ocrx_word' id='word_1_67' title='bbox 1002 550 1053 578; x_wconf 87' lang='lat' dir='ltr'>en</span> <span class='ocrx_word' id='word_1_68' title='bbox 1087 537 1263 575; x_wconf 69' lang='grc'><strong>«1081881</strong></span> <span class='ocrx_word' id='word_1_69' title='bbox 1293 537 1334 572; x_wconf 91' lang='grc'>81</span> <span class='ocrx_word' id='word_1_70' title='bbox 1367 543 1420 571; x_wconf 90' lang='grc'>88</span> <span class='ocrx_word' id='word_1_71' title='bbox 1452 528 1672 575; x_wconf 79' lang='lat' dir='ltr'>touchant,</span> 
     </span>
     <span class='ocr_line' id='line_1_8' title="bbox 96 595 1672 662; baseline -0.019 -1"><span class='ocrx_word' id='word_1_72' title='bbox 96 623 158 662; x_wconf 83' lang='grc'>851</span> <span class='ocrx_word' id='word_1_73' title='bbox 178 619 343 659; x_wconf 86' lang='lat' dir='ltr'>devenu</span> <span class='ocrx_word' id='word_1_74' title='bbox 363 616 402 656; x_wconf 91' lang='lat' dir='ltr'>le</span> <span class='ocrx_word' id='word_1_75' title='bbox 419 613 660 654; x_wconf 83' lang='lat' dir='ltr'>confesseur</span> <span class='ocrx_word' id='word_1_76' title='bbox 681 605 904 649; x_wconf 75' lang='lat' dir='ltr'>tres-fidele</span> <span class='ocrx_word' id='word_1_77' title='bbox 924 605 975 644; x_wconf 89' lang='lat' dir='ltr'>de</span> <span class='ocrx_word' id='word_1_78' title='bbox 998 604 1040 643; x_wconf 86' lang='lat' dir='ltr'>la</span> <span class='ocrx_word' id='word_1_79' title='bbox 1060 598 1350 643; x_wconf 79' lang='lat' dir='ltr'>Resurrection</span> <span class='ocrx_word' id='word_1_80' title='bbox 1364 596 1420 636; x_wconf 89' lang='lat' dir='ltr'>du</span> <span class='ocrx_word' id='word_1_81' title='bbox 1436 595 1672 645; x_wconf 85' lang='lat' dir='ltr'>Seigneur;</span> 
     </span>
     <span class='ocr_line' id='line_1_9' title="bbox 97 658 1677 732; baseline -0.018 -6"><span class='ocrx_word' id='word_1_82' title='bbox 97 685 148 726; x_wconf 87' lang='lat' dir='ltr'>de</span> <span class='ocrx_word' id='word_1_83' title='bbox 169 684 306 724; x_wconf 75' lang='lat' dir='ltr'>meme</span> <span class='ocrx_word' id='word_1_84' title='bbox 324 680 494 732; x_wconf 88' lang='lat' dir='ltr'>Joseph‚</span> <span class='ocrx_word' id='word_1_85' title='bbox 517 690 570 718; x_wconf 91' lang='lat' dir='ltr'>en</span> <span class='ocrx_word' id='word_1_86' title='bbox 590 677 792 729; x_wconf 75' lang='lat' dir='ltr'>epousant</span> <span class='ocrx_word' id='word_1_87' title='bbox 812 671 943 713; x_wconf 86' lang='lat' dir='ltr'>Marie</span> <span class='ocrx_word' id='word_1_88' title='bbox 973 671 1016 710; x_wconf 86' lang='lat' dir='ltr'>et</span> <span class='ocrx_word' id='word_1_89' title='bbox 1051 679 1103 708; x_wconf 90' lang='lat' dir='ltr'>en</span> <span class='ocrx_word' id='word_1_90' title='bbox 1136 666 1371 719; x_wconf 79' lang='lat' dir='ltr'>eprouvant</span> <span class='ocrx_word' id='word_1_91' title='bbox 1403 673 1448 701; x_wconf 83' lang='lat' dir='ltr'>sa</span> <span class='ocrx_word' id='word_1_92' title='bbox 1479 658 1677 700; x_wconf 85' lang='lat' dir='ltr'>conduite</span> 
     </span>
     <span class='ocr_line' id='line_1_10' title="bbox 96 723 1678 805; baseline -0.019 -13"><span class='ocrx_word' id='word_1_93' title='bbox 96 750 286 805; x_wconf 85' lang='lat' dir='ltr'>pendant</span> <span class='ocrx_word' id='word_1_94' title='bbox 304 750 397 788; x_wconf 90' lang='lat' dir='ltr'>tout</span> <span class='ocrx_word' id='word_1_95' title='bbox 415 746 455 786; x_wconf 93' lang='grc'>18</span> <span class='ocrx_word' id='word_1_96' title='bbox 476 747 612 795; x_wconf 81' lang='lat' dir='ltr'><strong>temps</strong></span> <span class='ocrx_word' id='word_1_97' title='bbox 631 740 735 794; x_wconf 86' lang='lat' dir='ltr'>qu’il</span> <span class='ocrx_word' id='word_1_98' title='bbox 755 738 856 779; x_wconf 85' lang='lat' dir='ltr'>l’eut</span> <span class='ocrx_word' id='word_1_99' title='bbox 876 748 972 776; x_wconf 84' lang='lat' dir='ltr'>sous</span> <span class='ocrx_word' id='word_1_100' title='bbox 987 747 1031 774; x_wconf 86' lang='lat' dir='ltr'>sa</span> <span class='ocrx_word' id='word_1_101' title='bbox 1051 732 1196 785; x_wconf 81' lang='lat' dir='ltr'>garde,</span> <span class='ocrx_word' id='word_1_102' title='bbox 1211 732 1273 771; x_wconf 86' lang='lat' dir='ltr'>est</span> <span class='ocrx_word' id='word_1_103' title='bbox 1287 729 1449 769; x_wconf 85' lang='lat' dir='ltr'>devenu</span> <span class='ocrx_word' id='word_1_104' title='bbox 1465 725 1504 765; x_wconf 98' lang='grc'>18</span> <span class='ocrx_word' id='word_1_105' title='bbox 1518 723 1678 764; x_wconf 83' lang='lat' dir='ltr'>temoin</span> 
     </span>
     <span class='ocr_line' id='line_1_11' title="bbox 96 791 1677 862; baseline -0.018 -5"><span class='ocrx_word' id='word_1_106' title='bbox 96 813 319 857; x_wconf 77' lang='lat' dir='ltr'>tres-fidele</span> <span class='ocrx_word' id='word_1_107' title='bbox 340 812 391 853; x_wconf 89' lang='lat' dir='ltr'>de</span> <span class='ocrx_word' id='word_1_108' title='bbox 415 823 460 851; x_wconf 88' lang='grc'>58</span> <span class='ocrx_word' id='word_1_109' title='bbox 491 809 636 862; x_wconf 82' lang='lat' dir='ltr'>purete</span> <span class='ocrx_word' id='word_1_110' title='bbox 657 805 794 859; x_wconf 88' lang='lat' dir='ltr'>(Hom.</span> <span class='ocrx_word' id='word_1_111' title='bbox 816 814 844 842; x_wconf 94' lang='lat'>11</span> <span class='ocrx_word' id='word_1_112' title='bbox 865 814 936 842; x_wconf 87' lang='lat' dir='ltr'>sur</span> <span class='ocrx_word' id='word_1_113' title='bbox 956 801 993 841; x_wconf 94' lang='grc'>18</span> <span class='ocrx_word' id='word_1_114' title='bbox 1014 799 1160 841; x_wconf 77' lang='lat' dir='ltr'>Missus</span> <span class='ocrx_word' id='word_1_115' title='bbox 1186 798 1272 847; x_wconf 78' lang='lat' dir='ltr'>est).</span> <span class='ocrx_word' id='word_1_116' title='bbox 1310 810 1329 831; x_wconf 73' lang='lat' dir='ltr'>n</span> <span class='ocrx_word' id='word_1_117' title='bbox 1363 793 1396 834; x_wconf 93' lang='lat' dir='ltr'>ll</span> <span class='ocrx_word' id='word_1_118' title='bbox 1429 791 1573 843; x_wconf 86' lang='lat' dir='ltr'>ajoute</span> <span class='ocrx_word' id='word_1_119' title='bbox 1601 801 1677 829; x_wconf 89' lang='lat' dir='ltr'>en-</span> 
     </span>
     <span class='ocr_line' id='line_1_12' title="bbox 99 855 1679 929; baseline -0.018 -7"><span class='ocrx_word' id='word_1_120' title='bbox 99 882 208 922; x_wconf 77' lang='lat' dir='ltr'>suite</span> <span class='ocrx_word' id='word_1_121' title='bbox 230 892 240 920; x_wconf 79' lang='lat' dir='ltr'><em>z</em></span> <span class='ocrx_word' id='word_1_122' title='bbox 267 895 287 916; x_wconf 93' lang='lat'>«</span> <span class='ocrx_word' id='word_1_123' title='bbox 308 878 408 927; x_wconf 92' lang='lat' dir='ltr'>Moi,</span> <span class='ocrx_word' id='word_1_124' title='bbox 430 875 503 929; x_wconf 87' lang='lat' dir='ltr'>qui</span> <span class='ocrx_word' id='word_1_125' title='bbox 525 873 610 914; x_wconf 89' lang='lat' dir='ltr'>suis</span> <span class='ocrx_word' id='word_1_126' title='bbox 630 871 772 918; x_wconf 81' lang='lat' dir='ltr'>faible‚</span> <span class='ocrx_word' id='word_1_127' title='bbox 793 869 835 921; x_wconf 87' lang='lat' dir='ltr'>je</span> <span class='ocrx_word' id='word_1_128' title='bbox 856 866 1029 907; x_wconf 87' lang='lat' dir='ltr'>croirais</span> <span class='ocrx_word' id='word_1_129' title='bbox 1056 864 1193 918; x_wconf 81' lang='lat' dir='ltr'>plutot</span> <span class='ocrx_word' id='word_1_130' title='bbox 1223 861 1407 902; x_wconf 82' lang='lat' dir='ltr'>Thomas</span> <span class='ocrx_word' id='word_1_131' title='bbox 1446 856 1518 910; x_wconf 88' lang='lat' dir='ltr'>qui</span> <span class='ocrx_word' id='word_1_132' title='bbox 1551 855 1679 894; x_wconf 90' lang='lat' dir='ltr'>doute</span> 
     </span>
     <span class='ocr_line' id='line_1_13' title="bbox 99 919 1680 992; baseline -0.018 -5"><span class='ocrx_word' id='word_1_133' title='bbox 99 949 142 988; x_wconf 86' lang='lat' dir='ltr'>et</span> <span class='ocrx_word' id='word_1_134' title='bbox 161 946 277 986; x_wconf 85' lang='lat' dir='ltr'>vient</span> <span class='ocrx_word' id='word_1_135' title='bbox 294 942 484 990; x_wconf 84' lang='lat' dir='ltr'>toucher‚</span> <span class='ocrx_word' id='word_1_136' title='bbox 504 951 585 992; x_wconf 87' lang='lat' dir='ltr'>que</span> <span class='ocrx_word' id='word_1_137' title='bbox 606 938 746 978; x_wconf 78' lang='lat' dir='ltr'>Pierre</span> <span class='ocrx_word' id='word_1_138' title='bbox 768 935 839 987; x_wconf 89' lang='lat' dir='ltr'>qui</span> <span class='ocrx_word' id='word_1_139' title='bbox 860 935 1006 974; x_wconf 83' lang='lat' dir='ltr'>e&#39;coule</span> <span class='ocrx_word' id='word_1_140' title='bbox 1026 935 1068 971; x_wconf 92' lang='lat' dir='ltr'>et</span> <span class='ocrx_word' id='word_1_141' title='bbox 1087 930 1206 977; x_wconf 90' lang='lat' dir='ltr'>croit,</span> <span class='ocrx_word' id='word_1_142' title='bbox 1242 924 1382 979; x_wconf 80' lang='lat' dir='ltr'>quand</span> <span class='ocrx_word' id='word_1_143' title='bbox 1416 923 1445 963; x_wconf 91' lang='lat' dir='ltr'>il</span> <span class='ocrx_word' id='word_1_144' title='bbox 1477 921 1600 974; x_wconf 83' lang='lat' dir='ltr'>s&#39;agit</span> <span class='ocrx_word' id='word_1_145' title='bbox 1628 919 1680 960; x_wconf 87' lang='lat' dir='ltr'>de</span> 
     </span>
     <span class='ocr_line' id='line_1_14' title="bbox 99 985 1681 1052; baseline -0.017 0"><span class='ocrx_word' id='word_1_146' title='bbox 99 1011 141 1052; x_wconf 83' lang='grc'>18</span> <span class='ocrx_word' id='word_1_147' title='bbox 159 1007 454 1051; x_wconf 74' lang='lat' dir='ltr'>Resurrection</span> <span class='ocrx_word' id='word_1_148' title='bbox 477 1005 531 1044; x_wconf 88' lang='lat' dir='ltr'>du</span> <span class='ocrx_word' id='word_1_149' title='bbox 553 1003 652 1044; x_wconf 81' lang='lat' dir='ltr'>Ftts.</span> <span class='ocrx_word' id='word_1_150' title='bbox 675 1003 741 1050; x_wconf 86' lang='lat' dir='ltr'>Et,</span> <span class='ocrx_word' id='word_1_151' title='bbox 764 999 908 1052; x_wconf 84' lang='lat' dir='ltr'>quand</span> <span class='ocrx_word' id='word_1_152' title='bbox 928 999 958 1037; x_wconf 89' lang='grc'>11</span> <span class='ocrx_word' id='word_1_153' title='bbox 979 996 1104 1048; x_wconf 81' lang='lat' dir='ltr'>s&#39;agit</span> <span class='ocrx_word' id='word_1_154' title='bbox 1134 995 1185 1034; x_wconf 91' lang='lat' dir='ltr'>de</span> <span class='ocrx_word' id='word_1_155' title='bbox 1216 993 1258 1033; x_wconf 91' lang='grc'>18</span> <span class='ocrx_word' id='word_1_156' title='bbox 1289 990 1538 1031; x_wconf 83' lang='grc'><strong>8081188888</strong></span> <span class='ocrx_word' id='word_1_157' title='bbox 1569 986 1620 1026; x_wconf 91' lang='grc'>(18</span> <span class='ocrx_word' id='word_1_158' title='bbox 1640 985 1681 1025; x_wconf 95' lang='grc'>18</span> 
     </span>
     <span class='ocr_line' id='line_1_15' title="bbox 100 1050 1682 1127; baseline -0.018 -9"><span class='ocrx_word' id='word_1_159' title='bbox 100 1077 228 1125; x_wconf 70' lang='lat' dir='ltr'>Mem,</span> <span class='ocrx_word' id='word_1_160' title='bbox 246 1076 291 1127; x_wconf 85' lang='lat' dir='ltr'>je</span> <span class='ocrx_word' id='word_1_161' title='bbox 311 1071 481 1114; x_wconf 86' lang='lat' dir='ltr'>croirais</span> <span class='ocrx_word' id='word_1_162' title='bbox 502 1070 594 1123; x_wconf 91' lang='lat' dir='ltr'>plns</span> <span class='ocrx_word' id='word_1_163' title='bbox 627 1067 867 1107; x_wconf 82' lang='lat' dir='ltr'>facilement</span> <span class='ocrx_word' id='word_1_164' title='bbox 899 1077 974 1104; x_wconf 88' lang='lat' dir='ltr'>son</span> <span class='ocrx_word' id='word_1_165' title='bbox 1008 1064 1145 1115; x_wconf 73' lang='lat' dir='ltr'>epoux</span> <span class='ocrx_word' id='word_1_166' title='bbox 1179 1059 1251 1112; x_wconf 89' lang='lat' dir='ltr'>qui</span> <span class='ocrx_word' id='word_1_167' title='bbox 1284 1057 1324 1097; x_wconf 88' lang='grc'>18</span> <span class='ocrx_word' id='word_1_168' title='bbox 1360 1054 1488 1108; x_wconf 66' lang='lat' dir='ltr'>gru-de</span> <span class='ocrx_word' id='word_1_169' title='bbox 1521 1064 1601 1106; x_wconf 90' lang='lat' dir='ltr'>que</span> <span class='ocrx_word' id='word_1_170' title='bbox 1640 1050 1682 1090; x_wconf 87' lang='grc'>18</span> 
     </span>
     <span class='ocr_line' id='line_1_16' title="bbox 100 1126 1273 1193; baseline -0.017 -10"><span class='ocrx_word' id='word_1_171' title='bbox 100 1142 258 1193; x_wconf 71' lang='lat' dir='ltr'>vierge</span> <span class='ocrx_word' id='word_1_172' title='bbox 278 1151 320 1180; x_wconf 89' lang='grc'>58</span> <span class='ocrx_word' id='word_1_173' title='bbox 341 1136 573 1178; x_wconf 81' lang='lat' dir='ltr'>defendant</span> <span class='ocrx_word' id='word_1_174' title='bbox 592 1134 755 1185; x_wconf 81' lang='lat' dir='ltr'>d&#39;apres</span> <span class='ocrx_word' id='word_1_175' title='bbox 777 1143 821 1170; x_wconf 85' lang='lat' dir='ltr'>sa</span> <span class='ocrx_word' id='word_1_176' title='bbox 842 1130 956 1171; x_wconf 87' lang='lat' dir='ltr'>seule</span> <span class='ocrx_word' id='word_1_177' title='bbox 975 1126 1230 1168; x_wconf 77' lang='lat' dir='ltr'><strong>conscience.</strong></span> <span class='ocrx_word' id='word_1_178' title='bbox 1254 1138 1273 1162; x_wconf 85' lang='lat'>»</span> 
     </span>
    </p>

    <p class='ocr_par' dir='ltr' id='par_1_3' title="bbox 104 1183 1683 1520">
     <span class='ocr_line' id='line_1_17' title="bbox 161 1183 1682 1249; baseline -0.016 -3"><span class='ocrx_word' id='word_1_179' title='bbox 161 1205 268 1247; x_wconf 85' lang='lat' dir='ltr'>G’est</span> <span class='ocrx_word' id='word_1_180' title='bbox 288 1205 389 1244; x_wconf 84' lang='lat' dir='ltr'>dans</span> <span class='ocrx_word' id='word_1_181' title='bbox 408 1203 448 1242; x_wconf 91' lang='grc'>18</span> <span class='ocrx_word' id='word_1_182' title='bbox 468 1201 605 1240; x_wconf 82' lang='lat' dir='ltr'>meme</span> <span class='ocrx_word' id='word_1_183' title='bbox 625 1210 719 1238; x_wconf 88' lang='lat' dir='ltr'>sens</span> <span class='ocrx_word' id='word_1_184' title='bbox 740 1208 821 1249; x_wconf 89' lang='lat' dir='ltr'>que</span> <span class='ocrx_word' id='word_1_185' title='bbox 843 1196 953 1236; x_wconf 82' lang='lat' dir='ltr'>saint</span> <span class='ocrx_word' id='word_1_186' title='bbox 972 1194 1114 1234; x_wconf 88' lang='lat' dir='ltr'>Pierre</span> <span class='ocrx_word' id='word_1_187' title='bbox 1134 1188 1423 1242; x_wconf 84' lang='lat' dir='ltr'>Chrysologue</span> <span class='ocrx_word' id='word_1_188' title='bbox 1452 1183 1682 1236; x_wconf 80' lang='lat' dir='ltr'>interprete</span> 
     </span>
     <span class='ocr_line' id='line_1_18' title="bbox 104 1247 1683 1324; baseline -0.016 -11"><span class='ocrx_word' id='word_1_189' title='bbox 104 1285 151 1313; x_wconf 91' lang='grc'>88</span> <span class='ocrx_word' id='word_1_190' title='bbox 172 1283 253 1324; x_wconf 84' lang='grc'><strong>(188</strong></span> <span class='ocrx_word' id='word_1_191' title='bbox 274 1270 312 1309; x_wconf 91' lang='grc'>18</span> <span class='ocrx_word' id='word_1_192' title='bbox 333 1268 543 1319; x_wconf 81' lang='lat' dir='ltr'>Seigneur</span> <span class='ocrx_word' id='word_1_193' title='bbox 563 1265 624 1304; x_wconf 87' lang='lat' dir='ltr'>dit</span> <span class='ocrx_word' id='word_1_194' title='bbox 644 1266 668 1302; x_wconf 81' lang='lat' dir='ltr'>a</span> <span class='ocrx_word' id='word_1_195' title='bbox 687 1263 871 1303; x_wconf 82' lang='lat' dir='ltr'>Thomas</span> <span class='ocrx_word' id='word_1_196' title='bbox 893 1274 902 1299; x_wconf 90' lang='lat'>:</span> <span class='ocrx_word' id='word_1_197' title='bbox 930 1276 949 1296; x_wconf 93' lang='lat'>«</span> <span class='ocrx_word' id='word_1_198' title='bbox 970 1260 1095 1299; x_wconf 88' lang='lat' dir='ltr'>Porte</span> <span class='ocrx_word' id='word_1_199' title='bbox 1117 1256 1168 1296; x_wconf 88' lang='lat' dir='ltr'>ici</span> <span class='ocrx_word' id='word_1_200' title='bbox 1189 1260 1262 1296; x_wconf 89' lang='lat' dir='ltr'>ton</span> <span class='ocrx_word' id='word_1_201' title='bbox 1283 1253 1418 1304; x_wconf 83' lang='lat' dir='ltr'>doigt,</span> <span class='ocrx_word' id='word_1_202' title='bbox 1441 1253 1483 1290; x_wconf 96' lang='grc'>81</span> <span class='ocrx_word' id='word_1_203' title='bbox 1502 1247 1683 1300; x_wconf 73' lang='lat' dir='ltr'>regardo</span> 
     </span>
     <span class='ocr_line' id='line_1_19' title="bbox 105 1312 1683 1385; baseline -0.016 -8"><span class='ocrx_word' id='word_1_204' title='bbox 105 1349 195 1378; x_wconf 88' lang='lat' dir='ltr'>mes</span> <span class='ocrx_word' id='word_1_205' title='bbox 214 1335 350 1376; x_wconf 83' lang='lat' dir='ltr'>mains</span> <span class='ocrx_word' id='word_1_206' title='bbox 367 1348 377 1384; x_wconf 87' lang='lat'>;</span> <span class='ocrx_word' id='word_1_207' title='bbox 398 1330 607 1385; x_wconf 80' lang='lat' dir='ltr'>approche</span> <span class='ocrx_word' id='word_1_208' title='bbox 628 1331 671 1368; x_wconf 86' lang='grc'>18</span> <span class='ocrx_word' id='word_1_209' title='bbox 691 1328 823 1377; x_wconf 87' lang='lat' dir='ltr'>main,</span> <span class='ocrx_word' id='word_1_210' title='bbox 845 1328 886 1366; x_wconf 87' lang='grc'>81</span> <span class='ocrx_word' id='word_1_211' title='bbox 907 1323 1075 1365; x_wconf 83' lang='lat' dir='ltr'>mets-la</span> <span class='ocrx_word' id='word_1_212' title='bbox 1095 1322 1200 1362; x_wconf 89' lang='lat' dir='ltr'>dans</span> <span class='ocrx_word' id='word_1_213' title='bbox 1221 1332 1320 1360; x_wconf 89' lang='lat' dir='ltr'>mon</span> <span class='ocrx_word' id='word_1_214' title='bbox 1341 1318 1446 1366; x_wconf 80' lang='lat' dir='ltr'>cote,</span> <span class='ocrx_word' id='word_1_215' title='bbox 1469 1320 1510 1355; x_wconf 87' lang='lat' dir='ltr'>et</span> <span class='ocrx_word' id='word_1_216' title='bbox 1529 1327 1581 1354; x_wconf 91' lang='lat' dir='ltr'>ne</span> <span class='ocrx_word' id='word_1_217' title='bbox 1601 1312 1683 1353; x_wconf 83' lang='lat' dir='ltr'>sois</span> 
     </span>
     <span class='ocr_line' id='line_1_20' title="bbox 104 1377 1682 1456; baseline -0.016 -13"><span class='ocrx_word' id='word_1_218' title='bbox 104 1404 198 1456; x_wconf 89' lang='lat' dir='ltr'>plus</span> <span class='ocrx_word' id='word_1_219' title='bbox 218 1398 446 1447; x_wconf 79' lang='lat' dir='ltr'>incredule,</span> <span class='ocrx_word' id='word_1_220' title='bbox 468 1396 574 1436; x_wconf 83' lang='lat' dir='ltr'>mais</span> <span class='ocrx_word' id='word_1_221' title='bbox 593 1393 714 1434; x_wconf 78' lang='lat' dir='ltr'>fidele</span> <span class='ocrx_word' id='word_1_222' title='bbox 736 1392 865 1445; x_wconf 70' lang='lat' dir='ltr'>(dean.</span> <span class='ocrx_word' id='word_1_223' title='bbox 888 1391 946 1430; x_wconf 83' lang='lat' dir='ltr'>loc</span> <span class='ocrx_word' id='word_1_224' title='bbox 965 1388 1066 1440; x_wconf 79' lang='lat' dir='ltr'>ce&#39;l.).</span> <span class='ocrx_word' id='word_1_225' title='bbox 1091 1404 1109 1423; x_wconf 92' lang='lat'>»</span> <span class='ocrx_word' id='word_1_226' title='bbox 1134 1386 1251 1428; x_wconf 86' lang='lat' dir='ltr'>Voici</span> <span class='ocrx_word' id='word_1_227' title='bbox 1272 1397 1324 1424; x_wconf 88' lang='lat' dir='ltr'>en</span> <span class='ocrx_word' id='word_1_228' title='bbox 1347 1383 1448 1423; x_wconf 85' lang='lat' dir='ltr'>effet</span> <span class='ocrx_word' id='word_1_229' title='bbox 1466 1391 1630 1421; x_wconf 89' lang='lat' dir='ltr'>comme</span> <span class='ocrx_word' id='word_1_230' title='bbox 1650 1377 1682 1418; x_wconf 86' lang='lat' dir='ltr'>il</span> 
     </span>
     <span class='ocr_line' id='line_1_21' title="bbox 107 1445 1683 1520; baseline -0.016 -11"><span class='ocrx_word' id='word_1_231' title='bbox 107 1466 328 1520; x_wconf 83' lang='lat' dir='ltr'>s’exprime</span> <span class='ocrx_word' id='word_1_232' title='bbox 349 1476 403 1504; x_wconf 88' lang='grc'>88</span> <span class='ocrx_word' id='word_1_233' title='bbox 423 1462 532 1513; x_wconf 85' lang='lat' dir='ltr'>sujet</span> <span class='ocrx_word' id='word_1_234' title='bbox 553 1460 603 1500; x_wconf 86' lang='lat' dir='ltr'>de</span> <span class='ocrx_word' id='word_1_235' title='bbox 624 1472 689 1499; x_wconf 86' lang='grc'>885</span> <span class='ocrx_word' id='word_1_236' title='bbox 708 1457 871 1511; x_wconf 87' lang='lat' dir='ltr'>paroles</span> <span class='ocrx_word' id='word_1_237' title='bbox 894 1469 903 1494; x_wconf 90' lang='lat'>:</span> <span class='ocrx_word' id='word_1_238' title='bbox 931 1471 950 1491; x_wconf 94' lang='lat'>«</span> <span class='ocrx_word' id='word_1_239' title='bbox 973 1455 1076 1495; x_wconf 88' lang='lat' dir='ltr'>Mets</span> <span class='ocrx_word' id='word_1_240' title='bbox 1097 1457 1139 1492; x_wconf 84' lang='lat' dir='ltr'>ta</span> <span class='ocrx_word' id='word_1_241' title='bbox 1160 1451 1275 1491; x_wconf 84' lang='lat' dir='ltr'>main</span> <span class='ocrx_word' id='word_1_242' title='bbox 1305 1450 1408 1488; x_wconf 83' lang='grc'><strong>(1885</strong></span> <span class='ocrx_word' id='word_1_243' title='bbox 1442 1459 1540 1486; x_wconf 90' lang='lat' dir='ltr'>mon</span> <span class='ocrx_word' id='word_1_244' title='bbox 1573 1445 1683 1493; x_wconf 78' lang='lat' dir='ltr'>cote,</span> 
     </span>
    </p>
   </div>
   <div class='ocr_carea' id='block_1_2' title="bbox 107 1513 1686 1641">
    <p class='ocr_par' dir='ltr' id='par_1_4' title="bbox 107 1513 1686 1641">
     <span class='ocr_line' id='line_1_22' title="bbox 108 1513 1684 1584; baseline -0.016 -11"><span class='ocrx_word' id='word_1_245' title='bbox 108 1533 194 1573; x_wconf 82' lang='lat' dir='ltr'>afin</span> <span class='ocrx_word' id='word_1_246' title='bbox 216 1543 297 1584; x_wconf 90' lang='lat' dir='ltr'>que</span> <span class='ocrx_word' id='word_1_247' title='bbox 318 1541 405 1569; x_wconf 88' lang='lat' dir='ltr'>mes</span> <span class='ocrx_word' id='word_1_248' title='bbox 425 1527 645 1574; x_wconf 87' lang='lat' dir='ltr'>blessures,</span> <span class='ocrx_word' id='word_1_249' title='bbox 669 1535 750 1576; x_wconf 84' lang='lat' dir='ltr'>que</span> <span class='ocrx_word' id='word_1_250' title='bbox 771 1526 817 1562; x_wconf 89' lang='grc'>18</span> <span class='ocrx_word' id='word_1_251' title='bbox 838 1532 1025 1567; x_wconf 86' lang='lat' dir='ltr'>rouvres‚</span> <span class='ocrx_word' id='word_1_252' title='bbox 1047 1517 1284 1570; x_wconf 77' lang='lat' dir='ltr'>repondent</span> <span class='ocrx_word' id='word_1_253' title='bbox 1316 1513 1583 1554; x_wconf 84' lang='lat' dir='ltr'>maintenant</span> <span class='ocrx_word' id='word_1_254' title='bbox 1613 1521 1684 1549; x_wconf 87' lang='lat' dir='ltr'>sur</span> 
     </span>
     <span class='ocr_line' id='line_1_23' title="bbox 107 1576 1686 1641; baseline -0.015 -3"><span class='ocrx_word' id='word_1_255' title='bbox 107 1600 201 1639; x_wconf 82' lang='lat' dir='ltr'>tout</span> <span class='ocrx_word' id='word_1_256' title='bbox 219 1595 420 1636; x_wconf 84' lang='lat' dir='ltr'>l’univers</span> <span class='ocrx_word' id='word_1_257' title='bbox 440 1592 480 1632; x_wconf 82' lang='grc'>18</span> <span class='ocrx_word' id='word_1_258' title='bbox 500 1592 573 1641; x_wconf 64' lang='lat' dir='ltr'>sci,</span> <span class='ocrx_word' id='word_1_259' title='bbox 592 1590 692 1630; x_wconf 89' lang='lat' dir='ltr'>elles</span> <span class='ocrx_word' id='word_1_260' title='bbox 713 1587 786 1641; x_wconf 88' lang='lat' dir='ltr'>qui</span> <span class='ocrx_word' id='word_1_261' title='bbox 805 1586 973 1627; x_wconf 75' lang='lat' dir='ltr'><strong>avaient</strong></span> <span class='ocrx_word' id='word_1_262' title='bbox 992 1583 1180 1637; x_wconf 75' lang='lat' dir='ltr'>repandu</span> <span class='ocrx_word' id='word_1_263' title='bbox 1201 1581 1310 1621; x_wconf 89' lang='lat' dir='ltr'>l&#39;eau</span> <span class='ocrx_word' id='word_1_264' title='bbox 1331 1590 1438 1632; x_wconf 89' lang='lat' dir='ltr'>pour</span> <span class='ocrx_word' id='word_1_265' title='bbox 1458 1577 1497 1617; x_wconf 89' lang='grc'>18</span> <span class='ocrx_word' id='word_1_266' title='bbox 1511 1576 1628 1616; x_wconf 88' lang='lat' dir='ltr'>laver</span> <span class='ocrx_word' id='word_1_267' title='bbox 1642 1578 1686 1615; x_wconf 85' lang='lat' dir='ltr'>et</span> 
     </span>
    </p>
   </div>
   <div class='ocr_carea' id='block_1_3' title="bbox 647 117 1124 172">
    <p class='ocr_par' dir='ltr' id='par_1_5' title="bbox 647 117 1124 172">
     <span class='ocr_line' id='line_1_24' title="bbox 647 117 1124 172; baseline -0.023 1"><span class='ocrx_word' id='word_1_268' title='bbox 647 117 855 172; x_wconf 62' lang='lat' dir='ltr'>n&#39;ocmvz&#39;</span> <span class='ocrx_word' id='word_1_269' title='bbox 872 137 924 166; x_wconf 76' lang='grc'>1)8</span> <span class='ocrx_word' id='word_1_270' title='bbox 954 133 1124 170; x_wconf 69' lang='lat' dir='ltr'>mouns.</span> 
     </span>
    </p>
   </div>
   <div class='ocr_carea' id='block_1_4' title="bbox 44 1647 1228 1713">
    <p class='ocr_par' dir='ltr' id='par_1_6' title="bbox 44 1647 1228 1713">
     <span class='ocr_line' id='line_1_25' title="bbox 44 1647 1228 1713; baseline -0.015 -9"><span class='ocrx_word' id='word_1_271' title='bbox 44 1695 45 1698; x_wconf 19' lang='grc' dir='ltr'>η</span> <span class='ocrx_word' id='word_1_272' title='bbox 107 1661 146 1704; x_wconf 89' lang='grc'>18</span> <span class='ocrx_word' id='word_1_273' title='bbox 166 1673 275 1713; x_wconf 81' lang='lat' dir='ltr'>sang</span> <span class='ocrx_word' id='word_1_274' title='bbox 294 1672 401 1712; x_wconf 90' lang='lat' dir='ltr'>pour</span> <span class='ocrx_word' id='word_1_275' title='bbox 421 1658 459 1698; x_wconf 89' lang='grc'>18</span> <span class='ocrx_word' id='word_1_276' title='bbox 482 1657 628 1697; x_wconf 84' lang='lat' dir='ltr'>rachat</span> <span class='ocrx_word' id='word_1_277' title='bbox 647 1655 697 1694; x_wconf 86' lang='lat' dir='ltr'>de</span> <span class='ocrx_word' id='word_1_278' title='bbox 719 1657 827 1694; x_wconf 85' lang='lat' dir='ltr'>tous.</span> <span class='ocrx_word' id='word_1_279' title='bbox 849 1651 999 1704; x_wconf 73' lang='lat' dir='ltr'>(Se-rm.</span> <span class='ocrx_word' id='word_1_280' title='bbox 1021 1647 1189 1700; x_wconf 76' lang='lat' dir='ltr'>Lxxxv.)</span> <span class='ocrx_word' id='word_1_281' title='bbox 1210 1661 1228 1685; x_wconf 76' lang='grc' dir='ltr'><strong>υ</strong></span> 
     </span>
    </p>
   </div>
   <div class='ocr_carea' id='block_1_5' title="bbox 108 1704 1686 1905">
    <p class='ocr_par' dir='ltr' id='par_1_7' title="bbox 108 1704 1686 1905">
     <span class='ocr_line' id='line_1_26' title="bbox 162 1704 1684 1775; baseline -0.015 -8"><span class='ocrx_word' id='word_1_282' title='bbox 162 1726 345 1768; x_wconf 87' lang='lat' dir='ltr'>Thomas</span> <span class='ocrx_word' id='word_1_283' title='bbox 367 1723 507 1775; x_wconf 74' lang='lat' dir='ltr'>guerit</span> <span class='ocrx_word' id='word_1_284' title='bbox 525 1722 631 1761; x_wconf 87' lang='grc'><strong>(1088</strong></span> <span class='ocrx_word' id='word_1_285' title='bbox 652 1717 987 1759; x_wconf 88' lang='lat' dir='ltr'>non-seulement</span> <span class='ocrx_word' id='word_1_286' title='bbox 1008 1715 1044 1755; x_wconf 87' lang='grc'>18</span> <span class='ocrx_word' id='word_1_287' title='bbox 1067 1714 1193 1754; x_wconf 85' lang='grc'><strong>(10818</strong></span> <span class='ocrx_word' id='word_1_288' title='bbox 1226 1711 1277 1751; x_wconf 87' lang='grc'>(18</span> <span class='ocrx_word' id='word_1_289' title='bbox 1303 1722 1377 1750; x_wconf 89' lang='lat' dir='ltr'>son</span> <span class='ocrx_word' id='word_1_290' title='bbox 1411 1720 1541 1755; x_wconf 86' lang='lat' dir='ltr'>coeur,</span> <span class='ocrx_word' id='word_1_291' title='bbox 1578 1704 1684 1746; x_wconf 78' lang='lat' dir='ltr'>mais</span> 
     </span>
     <span class='ocr_line' id='line_1_27' title="bbox 108 1769 1686 1834; baseline -0.015 -1"><span class='ocrx_word' id='word_1_292' title='bbox 108 1803 258 1834; x_wconf 79' lang='lat' dir='ltr'>encore</span> <span class='ocrx_word' id='word_1_293' title='bbox 278 1790 385 1830; x_wconf 88' lang='lat' dir='ltr'>celui</span> <span class='ocrx_word' id='word_1_294' title='bbox 405 1789 456 1828; x_wconf 90' lang='grc'>(18</span> <span class='ocrx_word' id='word_1_295' title='bbox 476 1787 648 1828; x_wconf 83' lang='grc'><strong>1085185</strong></span> <span class='ocrx_word' id='word_1_296' title='bbox 672 1786 877 1825; x_wconf 85' lang='lat' dir='ltr'>hommes.</span> <span class='ocrx_word' id='word_1_297' title='bbox 913 1780 1049 1828; x_wconf 84' lang='lat' dir='ltr'>Anssi,</span> <span class='ocrx_word' id='word_1_298' title='bbox 1085 1778 1224 1832; x_wconf 83' lang='lat' dir='ltr'>quand</span> <span class='ocrx_word' id='word_1_299' title='bbox 1255 1777 1283 1816; x_wconf 93' lang='lat' dir='ltr'>il</span> <span class='ocrx_word' id='word_1_300' title='bbox 1315 1774 1516 1828; x_wconf 78' lang='lat' dir='ltr'>precliera</span> <span class='ocrx_word' id='word_1_301' title='bbox 1548 1771 1590 1811; x_wconf 89' lang='grc'>18</span> <span class='ocrx_word' id='word_1_302' title='bbox 1622 1769 1686 1810; x_wconf 82' lang='lat' dir='ltr'>foi</span> 
     </span>
     <span class='ocr_line' id='line_1_28' title="bbox 108 1835 1684 1905; baseline -0.014 -8"><span class='ocrx_word' id='word_1_303' title='bbox 108 1869 193 1898; x_wconf 82' lang='lat' dir='ltr'>aux</span> <span class='ocrx_word' id='word_1_304' title='bbox 213 1855 391 1903; x_wconf 87' lang='grc'><strong>8811085,</strong></span> <span class='ocrx_word' id='word_1_305' title='bbox 413 1853 443 1893; x_wconf 90' lang='grc'>11</span> <span class='ocrx_word' id='word_1_306' title='bbox 462 1863 617 1905; x_wconf 84' lang='lat' dir='ltr'>pourra</span> <span class='ocrx_word' id='word_1_307' title='bbox 636 1849 785 1890; x_wconf 83' lang='lat' dir='ltr'>etablir</span> <span class='ocrx_word' id='word_1_308' title='bbox 801 1848 991 1887; x_wconf 83' lang='lat' dir='ltr'>d&#39;autant</span> <span class='ocrx_word' id='word_1_309' title='bbox 1006 1846 1099 1898; x_wconf 92' lang='lat' dir='ltr'>plus</span> <span class='ocrx_word' id='word_1_310' title='bbox 1113 1843 1363 1884; x_wconf 81' lang='lat' dir='ltr'>solidement</span> <span class='ocrx_word' id='word_1_311' title='bbox 1378 1840 1416 1879; x_wconf 87' lang='grc'>18</span> <span class='ocrx_word' id='word_1_312' title='bbox 1432 1839 1615 1890; x_wconf 74' lang='lat' dir='ltr'>mystere</span> <span class='ocrx_word' id='word_1_313' title='bbox 1631 1835 1684 1876; x_wconf 88' lang='lat' dir='ltr'>de</span> 
     </span>
    </p>
   </div>
   <div class='ocr_carea' id='block_1_6' title="bbox 114 1956 1686 1986">
    <p class='ocr_par' dir='ltr' id='par_1_8' title="bbox 114 1956 1686 1986">
     <span class='ocr_line' id='line_1_29' title="bbox 114 1956 1686 1986; baseline -0.013 -2"><span class='ocrx_word' id='word_1_314' title='bbox 114 1956 1686 1986; x_wconf 70' lang='lat'>———,—-————.—--———</span> 
     </span>
    </p>
   </div>
   <div class='ocr_carea' id='block_1_7' title="bbox 919 2034 1690 2082">
    <p class='ocr_par' dir='ltr' id='par_1_9' title="bbox 919 2034 1690 2082">
     <span class='ocr_line' id='line_1_30' title="bbox 919 2034 1690 2082; baseline -0.01 -3"><span class='ocrx_word' id='word_1_315' title='bbox 919 2042 1088 2079; x_wconf 82' lang='lat' dir='ltr'>audienti</span> <span class='ocrx_word' id='word_1_316' title='bbox 1118 2045 1153 2077; x_wconf 90' lang='grc'>81</span> <span class='ocrx_word' id='word_1_317' title='bbox 1192 2037 1372 2082; x_wconf 87' lang='lat' dir='ltr'>credenti,</span> <span class='ocrx_word' id='word_1_318' title='bbox 1397 2041 1432 2073; x_wconf 85' lang='lat' dir='ltr'>ct</span> <span class='ocrx_word' id='word_1_319' title='bbox 1475 2035 1521 2072; x_wconf 91' lang='lat' dir='ltr'>de</span> <span class='ocrx_word' id='word_1_320' title='bbox 1560 2034 1690 2071; x_wconf 78' lang='lat' dir='ltr'>Matris</span> 
     </span>
    </p>
   </div>
   <div class='ocr_carea' id='block_1_8' title="bbox 113 2044 1689 2131">
    <p class='ocr_par' dir='ltr' id='par_1_10' title="bbox 113 2044 1689 2131">
     <span class='ocr_line' id='line_1_31' title="bbox 113 2044 881 2099; baseline -0.012 -11"><span class='ocrx_word' id='word_1_321' title='bbox 113 2050 325 2099; x_wconf 84' lang='lat' dir='ltr'>cipulorum</span> <span class='ocrx_word' id='word_1_322' title='bbox 365 2047 534 2095; x_wconf 76' lang='lat' dir='ltr'>profuit:</span> <span class='ocrx_word' id='word_1_323' title='bbox 566 2047 653 2092; x_wconf 80' lang='lat' dir='ltr'>quia</span> <span class='ocrx_word' id='word_1_324' title='bbox 691 2046 781 2081; x_wconf 89' lang='lat' dir='ltr'>dum</span> <span class='ocrx_word' id='word_1_325' title='bbox 815 2044 881 2080; x_wconf 87' lang='grc'><strong>1118</strong></span> 
     </span>
     <span class='ocr_line' id='line_1_32' title="bbox 921 2082 1689 2131; baseline -0.013 -4"><span class='ocrx_word' id='word_1_326' title='bbox 921 2089 1155 2128; x_wconf 85' lang='lat' dir='ltr'>continentia</span> <span class='ocrx_word' id='word_1_327' title='bbox 1205 2086 1354 2123; x_wconf 76' lang='lat' dir='ltr'>facilius</span> <span class='ocrx_word' id='word_1_328' title='bbox 1411 2095 1550 2131; x_wconf 82' lang='lat' dir='ltr'>sponso</span> <span class='ocrx_word' id='word_1_329' title='bbox 1607 2082 1689 2129; x_wconf 76' lang='lat' dir='ltr'>eJus</span> 
     </span>
    </p>
   </div>
   <div class='ocr_carea' id='block_1_9' title="bbox 114 2094 881 2143">
    <p class='ocr_par' dir='ltr' id='par_1_11' title="bbox 114 2094 881 2143">
     <span class='ocr_line' id='line_1_33' title="bbox 114 2094 881 2143; baseline -0.013 -7"><span class='ocrx_word' id='word_1_330' title='bbox 114 2099 161 2136; x_wconf 85' lang='lat' dir='ltr'>ad</span> <span class='ocrx_word' id='word_1_331' title='bbox 180 2098 291 2135; x_wconf 80' lang='lat' dir='ltr'>[idem</span> <span class='ocrx_word' id='word_1_332' title='bbox 314 2096 504 2143; x_wconf 77' lang='lat' dir='ltr'>palpando</span> <span class='ocrx_word' id='word_1_333' title='bbox 526 2094 732 2132; x_wconf 71' lang='lat' dir='ltr'>reducitur.</span> <span class='ocrx_word' id='word_1_334' title='bbox 755 2097 881 2129; x_wconf 84' lang='lat' dir='ltr'>nostra</span> 
     </span>
    </p>
   </div>
   <div class='ocr_carea' id='block_1_10' title="bbox 113 2140 896 2998">
    <p class='ocr_par' dir='ltr' id='par_1_12' title="bbox 113 2140 896 2998">
     <span class='ocr_line' id='line_1_34' title="bbox 113 2140 882 2187; baseline -0.012 -3"><span class='ocrx_word' id='word_1_335' title='bbox 113 2156 225 2184; x_wconf 86' lang='lat' dir='ltr'>mens</span> <span class='ocrx_word' id='word_1_336' title='bbox 263 2144 368 2182; x_wconf 88' lang='lat' dir='ltr'>omni</span> <span class='ocrx_word' id='word_1_337' title='bbox 407 2143 642 2180; x_wconf 67' lang='lat' dir='ltr'>dubitatione</span> <span class='ocrx_word' id='word_1_338' title='bbox 677 2140 882 2187; x_wconf 83' lang='lat' dir='ltr'>postposita</span> 
     </span>
     <span class='ocr_line' id='line_1_35' title="bbox 115 2187 883 2231; baseline -0.01 0"><span class='ocrx_word' id='word_1_339' title='bbox 115 2194 156 2231; x_wconf 89' lang='lat' dir='ltr'>in</span> <span class='ocrx_word' id='word_1_340' title='bbox 177 2193 250 2230; x_wconf 86' lang='lat' dir='ltr'>tide</span> <span class='ocrx_word' id='word_1_341' title='bbox 270 2192 463 2228; x_wconf 86' lang='lat' dir='ltr'>solidatur.</span> <span class='ocrx_word' id='word_1_342' title='bbox 489 2190 628 2226; x_wconf 78' lang='lat' dir='ltr'>Eodem</span> <span class='ocrx_word' id='word_1_343' title='bbox 666 2190 741 2225; x_wconf 82' lang='lat' dir='ltr'>fere</span> <span class='ocrx_word' id='word_1_344' title='bbox 772 2187 883 2224; x_wconf 88' lang='lat' dir='ltr'>modo</span> 
     </span>
     <span class='ocr_line' id='line_1_36' title="bbox 116 2236 882 2284; baseline -0.012 -5"><span class='ocrx_word' id='word_1_345' title='bbox 116 2241 248 2279; x_wconf 80' lang='lat' dir='ltr'>eadem</span> <span class='ocrx_word' id='word_1_346' title='bbox 267 2241 313 2277; x_wconf 89' lang='lat' dir='ltr'>de</span> <span class='ocrx_word' id='word_1_347' title='bbox 346 2250 384 2276; x_wconf 84' lang='lat' dir='ltr'>re</span> <span class='ocrx_word' id='word_1_348' title='bbox 418 2238 581 2284; x_wconf 85' lang='lat' dir='ltr'>loquitur</span> <span class='ocrx_word' id='word_1_349' title='bbox 613 2242 766 2273; x_wconf 78' lang='lat' dir='ltr'>sanctus</span> <span class='ocrx_word' id='word_1_350' title='bbox 796 2236 882 2271; x_wconf 78' lang='lat' dir='ltr'>Ber-</span> 
     </span>
     <span class='ocr_line' id='line_1_37' title="bbox 118 2284 883 2333; baseline -0.01 -7"><span class='ocrx_word' id='word_1_351' title='bbox 118 2289 278 2333; x_wconf 88' lang='lat' dir='ltr'>nardus‚</span> <span class='ocrx_word' id='word_1_352' title='bbox 322 2297 546 2333; x_wconf 85' lang='lat' dir='ltr'>comparans</span> <span class='ocrx_word' id='word_1_353' title='bbox 608 2284 883 2321; x_wconf 72' lang='lat' dir='ltr'>dubitationem</span> 
     </span>
     <span class='ocr_line' id='line_1_38' title="bbox 115 2331 882 2380; baseline -0.012 -6"><span class='ocrx_word' id='word_1_354' title='bbox 115 2337 274 2374; x_wconf 87' lang='lat' dir='ltr'>Thomae</span> <span class='ocrx_word' id='word_1_355' title='bbox 300 2345 387 2372; x_wconf 87' lang='lat' dir='ltr'>cum</span> <span class='ocrx_word' id='word_1_356' title='bbox 419 2333 710 2380; x_wconf 76' lang='lat' dir='ltr'>desponsatione</span> <span class='ocrx_word' id='word_1_357' title='bbox 743 2331 882 2374; x_wconf 79' lang='lat' dir='ltr'>Martae,</span> 
     </span>
     <span class='ocr_line' id='line_1_39' title="bbox 118 2379 887 2438; baseline -0.012 -16"><span class='ocrx_word' id='word_1_358' title='bbox 118 2383 365 2438; x_wconf 80' lang='lat' dir='ltr'>eamdemque</span> <span class='ocrx_word' id='word_1_359' title='bbox 393 2381 672 2428; x_wconf 85' lang='lat' dir='ltr'>quodammodo</span> <span class='ocrx_word' id='word_1_360' title='bbox 693 2379 887 2425; x_wconf 89' lang='lat' dir='ltr'>utriusque</span> 
     </span>
     <span class='ocr_line' id='line_1_40' title="bbox 121 2427 887 2471; baseline -0.009 -3"><span class='ocrx_word' id='word_1_361' title='bbox 121 2437 307 2468; x_wconf 78' lang='lat' dir='ltr'>rationem</span> <span class='ocrx_word' id='word_1_362' title='bbox 346 2441 426 2467; x_wconf 86' lang='lat' dir='ltr'>esse</span> <span class='ocrx_word' id='word_1_363' title='bbox 463 2439 648 2466; x_wconf 71' lang='grc'><strong>85581885.</strong></span> <span class='ocrx_word' id='word_1_364' title='bbox 691 2428 777 2464; x_wconf 61' lang='grc'><strong>11188</strong></span> <span class='ocrx_word' id='word_1_365' title='bbox 806 2427 887 2471; x_wconf 79' lang='lat' dir='ltr'>ejus</span> 
     </span>
     <span class='ocr_line' id='line_1_41' title="bbox 121 2474 886 2515; baseline -0.008 0"><span class='ocrx_word' id='word_1_366' title='bbox 121 2482 211 2515; x_wconf 86' lang='lat' dir='ltr'>sunt</span> <span class='ocrx_word' id='word_1_367' title='bbox 230 2477 340 2515; x_wconf 86' lang='lat' dir='ltr'>verba</span> <span class='ocrx_word' id='word_1_368' title='bbox 362 2488 370 2514; x_wconf 78' lang='lat' dir='ltr'><em>z</em></span> <span class='ocrx_word' id='word_1_369' title='bbox 397 2492 411 2509; x_wconf 77' lang='grc' dir='ltr'><strong>(ι</strong></span> <span class='ocrx_word' id='word_1_370' title='bbox 446 2477 548 2513; x_wconf 82' lang='grc'><strong>81881</strong></span> <span class='ocrx_word' id='word_1_371' title='bbox 580 2476 745 2512; x_wconf 86' lang='lat' dir='ltr'>Thomas</span> <span class='ocrx_word' id='word_1_372' title='bbox 773 2474 886 2510; x_wconf 86' lang='lat' dir='ltr'>dubi-</span> 
     </span>
     <span class='ocr_line' id='line_1_42' title="bbox 122 2525 888 2580; baseline -0.007 -18"><span class='ocrx_word' id='word_1_373' title='bbox 122 2525 252 2580; x_wconf 67' lang='lat' dir='ltr'>tando,</span> <span class='ocrx_word' id='word_1_374' title='bbox 275 2525 477 2571; x_wconf 80' lang='lat' dir='ltr'>palpando,</span> <span class='ocrx_word' id='word_1_375' title='bbox 500 2526 619 2560; x_wconf 81' lang='lat' dir='ltr'>factus</span> <span class='ocrx_word' id='word_1_376' title='bbox 640 2527 695 2559; x_wconf 85' lang='lat' dir='ltr'>cst</span> <span class='ocrx_word' id='word_1_377' title='bbox 714 2527 888 2559; x_wconf 80' lang='lat' dir='ltr'>constan-</span> 
     </span>
     <span class='ocr_line' id='line_1_43' title="bbox 129 2569 890 2609; baseline -0.005 -1"><span class='ocrx_word' id='word_1_378' title='bbox 129 2578 297 2609; x_wconf 80' lang='grc'><strong>115518185</strong></span> <span class='ocrx_word' id='word_1_379' title='bbox 336 2572 541 2608; x_wconf 78' lang='lat' dir='ltr'>Doniinicae</span> <span class='ocrx_word' id='word_1_380' title='bbox 591 2569 890 2607; x_wconf 83' lang='lat' dir='ltr'>Resurrectionis</span> 
     </span>
     <span class='ocr_line' id='line_1_44' title="bbox 125 2616 888 2665; baseline -0.009 -6"><span class='ocrx_word' id='word_1_381' title='bbox 125 2620 331 2663; x_wconf 81' lang='lat' dir='ltr'>consessor,</span> <span class='ocrx_word' id='word_1_382' title='bbox 357 2619 407 2655; x_wconf 88' lang='grc'>118</span> <span class='ocrx_word' id='word_1_383' title='bbox 426 2624 461 2655; x_wconf 86' lang='grc'>81</span> <span class='ocrx_word' id='word_1_384' title='bbox 480 2619 615 2665; x_wconf 81' lang='lat' dir='ltr'>loseph</span> <span class='ocrx_word' id='word_1_385' title='bbox 640 2618 797 2655; x_wconf 83' lang='lat' dir='ltr'>Mariam</span> <span class='ocrx_word' id='word_1_386' title='bbox 818 2616 888 2652; x_wconf 88' lang='lat' dir='ltr'>sibi</span> 
     </span>
     <span class='ocr_line' id='line_1_45' title="bbox 125 2662 889 2723; baseline -0.007 -18"><span class='ocrx_word' id='word_1_387' title='bbox 125 2666 389 2723; x_wconf 77' lang='lat' dir='ltr'>desponsando</span> <span class='ocrx_word' id='word_1_388' title='bbox 398 2666 552 2712; x_wconf 82' lang='lat' dir='ltr'>ejusque</span> <span class='ocrx_word' id='word_1_389' title='bbox 564 2662 889 2703; x_wconf 81' lang='lat' dir='ltr'>conversationem</span> 
     </span>
     <span class='ocr_line' id='line_1_46' title="bbox 124 2712 890 2760; baseline -0.007 -7"><span class='ocrx_word' id='word_1_390' title='bbox 124 2726 167 2753; x_wconf 82' lang='lat' dir='ltr'>ln</span> <span class='ocrx_word' id='word_1_391' title='bbox 189 2720 357 2760; x_wconf 84' lang='lat' dir='ltr'>tempore</span> <span class='ocrx_word' id='word_1_392' title='bbox 396 2714 575 2749; x_wconf 62' lang='lat' dir='ltr'>custodiae</span> <span class='ocrx_word' id='word_1_393' title='bbox 606 2712 890 2759; x_wconf 82' lang='lat' dir='ltr'>comprobando</span> 
     </span>
     <span class='ocr_line' id='line_1_47' title="bbox 126 2760 890 2807; baseline -0.008 -7"><span class='ocrx_word' id='word_1_394' title='bbox 126 2763 248 2800; x_wconf 78' lang='lat' dir='ltr'>sactus</span> <span class='ocrx_word' id='word_1_395' title='bbox 264 2766 318 2798; x_wconf 84' lang='lat' dir='ltr'>est</span> <span class='ocrx_word' id='word_1_396' title='bbox 341 2760 531 2807; x_wconf 77' lang='lat' dir='ltr'>pudicitiae</span> <span class='ocrx_word' id='word_1_397' title='bbox 551 2760 796 2797; x_wconf 82' lang='lat' dir='ltr'>fidelissimus</span> <span class='ocrx_word' id='word_1_398' title='bbox 817 2765 890 2796; x_wconf 86' lang='lat' dir='ltr'>tes-</span> 
     </span>
     <span class='ocr_line' id='line_1_48' title="bbox 128 2807 892 2854; baseline -0.007 -7"><span class='ocrx_word' id='word_1_399' title='bbox 128 2811 191 2847; x_wconf 85' lang='lat' dir='ltr'>tis.</span> <span class='ocrx_word' id='word_1_400' title='bbox 214 2826 229 2845; x_wconf 79' lang='lat'><strong>»</strong></span> <span class='ocrx_word' id='word_1_401' title='bbox 256 2809 365 2845; x_wconf 76' lang='lat' dir='ltr'>Addit</span> <span class='ocrx_word' id='word_1_402' title='bbox 393 2807 633 2854; x_wconf 83' lang='lat' dir='ltr'>postmodnm</span> <span class='ocrx_word' id='word_1_403' title='bbox 656 2818 664 2844; x_wconf 88' lang='lat'><strong>:</strong></span> <span class='ocrx_word' id='word_1_404' title='bbox 690 2822 704 2839; x_wconf 75' lang='grc' dir='ltr'>α</span> <span class='ocrx_word' id='word_1_405' title='bbox 732 2808 782 2844; x_wconf 89' lang='grc'>1)8</span> <span class='ocrx_word' id='word_1_406' title='bbox 805 2807 892 2843; x_wconf 82' lang='lat' dir='ltr'>Filii</span> 
     </span>
     <span class='ocr_line' id='line_1_49' title="bbox 128 2854 893 2900; baseline -0.008 -5"><span class='ocrx_word' id='word_1_407' title='bbox 128 2857 414 2895; x_wconf 78' lang='lat' dir='ltr'>Resurrectione</span> <span class='ocrx_word' id='word_1_408' title='bbox 439 2855 550 2891; x_wconf 88' lang='lat' dir='ltr'>citius</span> <span class='ocrx_word' id='word_1_409' title='bbox 586 2865 654 2898; x_wconf 76' lang='lat' dir='ltr'>ego</span> <span class='ocrx_word' id='word_1_410' title='bbox 685 2855 749 2900; x_wconf 86' lang='lat' dir='ltr'>qui</span> <span class='ocrx_word' id='word_1_411' title='bbox 782 2854 893 2890; x_wconf 85' lang='lat' dir='ltr'>infir-</span> 
     </span>
     <span class='ocr_line' id='line_1_50' title="bbox 131 2901 894 2942; baseline -0.007 0"><span class='ocrx_word' id='word_1_412' title='bbox 131 2915 218 2942; x_wconf 86' lang='lat' dir='ltr'>mus</span> <span class='ocrx_word' id='word_1_413' title='bbox 237 2915 321 2942; x_wconf 89' lang='lat' dir='ltr'>sum</span> <span class='ocrx_word' id='word_1_414' title='bbox 341 2902 566 2941; x_wconf 81' lang='lat' dir='ltr'>crediderim</span> <span class='ocrx_word' id='word_1_415' title='bbox 599 2901 754 2938; x_wconf 84' lang='lat' dir='ltr'>Thomae</span> <span class='ocrx_word' id='word_1_416' title='bbox 781 2901 894 2938; x_wconf 89' lang='lat' dir='ltr'>dubi-</span> 
     </span>
     <span class='ocr_line' id='line_1_51' title="bbox 131 2948 896 2998; baseline -0.005 -8"><span class='ocrx_word' id='word_1_417' title='bbox 131 2952 228 2990; x_wconf 82' lang='lat' dir='ltr'>tanti</span> <span class='ocrx_word' id='word_1_418' title='bbox 270 2956 306 2989; x_wconf 88' lang='lat' dir='ltr'>et</span> <span class='ocrx_word' id='word_1_419' title='bbox 359 2949 544 2998; x_wconf 81' lang='lat' dir='ltr'>palpanti,</span> <span class='ocrx_word' id='word_1_420' title='bbox 590 2959 703 2995; x_wconf 86' lang='lat' dir='ltr'>quam</span> <span class='ocrx_word' id='word_1_421' title='bbox 759 2948 896 2996; x_wconf 82' lang='lat' dir='ltr'>Cephoe</span> 
     </span>
    </p>
   </div>
   <div class='ocr_carea' id='block_1_11' title="bbox 0 0 115 2730">
    <p class='ocr_par' dir='ltr' id='par_1_13' title="bbox 0 0 115 2730">
     <span class='ocr_line' id='line_1_52' title="bbox 0 0 115 2730; baseline 0 0"><span class='ocrx_word' id='word_1_422' title='bbox 0 0 115 2730; x_wconf 95' lang='lat' dir='ltr'> </span> 
     </span>
    </p>
   </div>
   <div class='ocr_carea' id='block_1_12' title="bbox 921 2129 1701 2992">
    <p class='ocr_par' dir='ltr' id='par_1_14' title="bbox 921 2129 1701 2992">
     <span class='ocr_line' id='line_1_53' title="bbox 921 2129 1691 2181; baseline -0.013 -6"><span class='ocrx_word' id='word_1_423' title='bbox 921 2136 1162 2179; x_wconf 86' lang='lat' dir='ltr'>custodienti,</span> <span class='ocrx_word' id='word_1_424' title='bbox 1192 2144 1303 2181; x_wconf 79' lang='lat' dir='ltr'>quam</span> <span class='ocrx_word' id='word_1_425' title='bbox 1344 2133 1487 2178; x_wconf 71' lang='lat' dir='ltr'>Virgini</span> <span class='ocrx_word' id='word_1_426' title='bbox 1526 2132 1572 2167; x_wconf 87' lang='lat' dir='ltr'>de</span> <span class='ocrx_word' id='word_1_427' title='bbox 1610 2129 1691 2166; x_wconf 76' lang='lat' dir='ltr'>sola</span> 
     </span>
     <span class='ocr_line' id='line_1_54' title="bbox 922 2178 1686 2222; baseline -0.014 0"><span class='ocrx_word' id='word_1_428' title='bbox 922 2196 988 2222; x_wconf 82' lang='lat' dir='ltr'>sua</span> <span class='ocrx_word' id='word_1_429' title='bbox 1027 2183 1261 2221; x_wconf 82' lang='lat' dir='ltr'>conscientia</span> <span class='ocrx_word' id='word_1_430' title='bbox 1305 2192 1344 2218; x_wconf 86' lang='grc'>58</span> <span class='ocrx_word' id='word_1_431' title='bbox 1395 2178 1627 2216; x_wconf 73' lang='lat' dir='ltr'>defendenti.</span> <span class='ocrx_word' id='word_1_432' title='bbox 1672 2191 1686 2210; x_wconf 78' lang='grc' dir='ltr'>ι</span> 
     </span>
     <span class='ocr_line' id='line_1_55' title="bbox 926 2225 1689 2269; baseline -0.01 0"><span class='ocrx_word' id='word_1_433' title='bbox 926 2234 1010 2269; x_wconf 65' lang='lat' dir='ltr'>llaec</span> <span class='ocrx_word' id='word_1_434' title='bbox 1032 2233 1109 2269; x_wconf 89' lang='lat' dir='ltr'>ille.</span> <span class='ocrx_word' id='word_1_435' title='bbox 1134 2233 1176 2268; x_wconf 92' lang='grc'>18</span> <span class='ocrx_word' id='word_1_436' title='bbox 1192 2230 1363 2267; x_wconf 85' lang='lat' dir='ltr'>eamdem</span> <span class='ocrx_word' id='word_1_437' title='bbox 1386 2226 1614 2264; x_wconf 80' lang='lat' dir='ltr'>sententiam</span> <span class='ocrx_word' id='word_1_438' title='bbox 1634 2225 1689 2262; x_wconf 91' lang='lat' dir='ltr'>in·</span> 
     </span>
     <span class='ocr_line' id='line_1_56' title="bbox 925 2273 1692 2327; baseline -0.012 -10"><span class='ocrx_word' id='word_1_439' title='bbox 925 2285 1147 2327; x_wconf 83' lang='lat' dir='ltr'>terpretatur</span> <span class='ocrx_word' id='word_1_440' title='bbox 1169 2282 1322 2314; x_wconf 81' lang='lat' dir='ltr'>sanctus</span> <span class='ocrx_word' id='word_1_441' title='bbox 1344 2277 1474 2313; x_wconf 85' lang='lat' dir='ltr'>Petrus</span> <span class='ocrx_word' id='word_1_442' title='bbox 1494 2273 1692 2319; x_wconf 79' lang='lat' dir='ltr'>Chrysolo·</span> 
     </span>
     <span class='ocr_line' id='line_1_57' title="bbox 924 2321 1693 2373; baseline -0.012 -8"><span class='ocrx_word' id='word_1_443' title='bbox 924 2339 993 2371; x_wconf 62' lang='grc'>885</span> <span class='ocrx_word' id='word_1_444' title='bbox 1020 2328 1115 2364; x_wconf 87' lang='lat' dir='ltr'>illud</span> <span class='ocrx_word' id='word_1_445' title='bbox 1159 2327 1259 2373; x_wconf 87' lang='lat' dir='ltr'>quod</span> <span class='ocrx_word' id='word_1_446' title='bbox 1293 2336 1314 2361; x_wconf 82' lang='lat' dir='ltr'>a</span> <span class='ocrx_word' id='word_1_447' title='bbox 1357 2324 1516 2360; x_wconf 85' lang='lat' dir='ltr'>Domino</span> <span class='ocrx_word' id='word_1_448' title='bbox 1554 2321 1693 2357; x_wconf 88' lang='lat' dir='ltr'>dicitur</span> 
     </span>
     <span class='ocr_line' id='line_1_58' title="bbox 925 2369 1692 2418; baseline -0.012 -5"><span class='ocrx_word' id='word_1_449' title='bbox 925 2377 1080 2413; x_wconf 82' lang='lat' dir='ltr'>Thomae</span> <span class='ocrx_word' id='word_1_450' title='bbox 1104 2386 1112 2412; x_wconf 90' lang='lat'>:</span> <span class='ocrx_word' id='word_1_451' title='bbox 1139 2390 1151 2407; x_wconf 70' lang='lat' dir='ltr'>u</span> <span class='ocrx_word' id='word_1_452' title='bbox 1179 2374 1275 2410; x_wconf 72' lang='lat' dir='ltr'>lnfcr</span> <span class='ocrx_word' id='word_1_453' title='bbox 1295 2373 1453 2418; x_wconf 75' lang='lat' dir='ltr'>digitum</span> <span class='ocrx_word' id='word_1_454' title='bbox 1478 2377 1584 2406; x_wconf 86' lang='lat' dir='ltr'>tuum</span> <span class='ocrx_word' id='word_1_455' title='bbox 1602 2369 1692 2413; x_wconf 89' lang='lat' dir='ltr'>huc,</span> 
     </span>
     <span class='ocr_line' id='line_1_59' title="bbox 926 2418 1693 2462; baseline -0.01 -2"><span class='ocrx_word' id='word_1_456' title='bbox 926 2429 961 2460; x_wconf 89' lang='lat' dir='ltr'>et</span> <span class='ocrx_word' id='word_1_457' title='bbox 978 2424 1059 2460; x_wconf 89' lang='lat' dir='ltr'>vide</span> <span class='ocrx_word' id='word_1_458' title='bbox 1099 2432 1234 2459; x_wconf 84' lang='lat' dir='ltr'>manus</span> <span class='ocrx_word' id='word_1_459' title='bbox 1273 2431 1391 2462; x_wconf 80' lang='grc'><strong>111885,</strong></span> <span class='ocrx_word' id='word_1_460' title='bbox 1414 2418 1503 2454; x_wconf 68' lang='lat' dir='ltr'>aller</span> <span class='ocrx_word' id='word_1_461' title='bbox 1534 2426 1693 2454; x_wconf 79' lang='lat' dir='ltr'>manum</span> 
     </span>
     <span class='ocr_line' id='line_1_60' title="bbox 928 2463 1695 2511; baseline -0.01 -3"><span class='ocrx_word' id='word_1_462' title='bbox 928 2477 1030 2508; x_wconf 87' lang='lat' dir='ltr'>tuam</span> <span class='ocrx_word' id='word_1_463' title='bbox 1051 2474 1086 2507; x_wconf 89' lang='lat' dir='ltr'>et</span> <span class='ocrx_word' id='word_1_464' title='bbox 1109 2470 1213 2506; x_wconf 88' lang='lat' dir='ltr'>mitte</span> <span class='ocrx_word' id='word_1_465' title='bbox 1235 2470 1273 2505; x_wconf 88' lang='lat' dir='ltr'>in</span> <span class='ocrx_word' id='word_1_466' title='bbox 1296 2469 1391 2504; x_wconf 80' lang='lat' dir='ltr'>latus</span> <span class='ocrx_word' id='word_1_467' title='bbox 1407 2469 1591 2511; x_wconf 87' lang='lat' dir='ltr'>meum,et</span> <span class='ocrx_word' id='word_1_468' title='bbox 1614 2463 1695 2501; x_wconf 90' lang='lat' dir='ltr'>noli</span> 
     </span>
     <span class='ocr_line' id='line_1_61' title="bbox 927 2511 1695 2561; baseline -0.012 -5"><span class='ocrx_word' id='word_1_469' title='bbox 927 2530 1009 2556; x_wconf 84' lang='lat' dir='ltr'>esse</span> <span class='ocrx_word' id='word_1_470' title='bbox 1047 2517 1281 2561; x_wconf 84' lang='lat' dir='ltr'>incredulus,</span> <span class='ocrx_word' id='word_1_471' title='bbox 1319 2515 1384 2551; x_wconf 90' lang='lat' dir='ltr'>sed</span> <span class='ocrx_word' id='word_1_472' title='bbox 1416 2513 1550 2550; x_wconf 84' lang='lat' dir='ltr'>tidelis.</span> <span class='ocrx_word' id='word_1_473' title='bbox 1578 2527 1590 2544; x_wconf 78' lang='grc' dir='ltr'>ι</span> <span class='ocrx_word' id='word_1_474' title='bbox 1634 2511 1695 2548; x_wconf 82' lang='grc'>818</span> 
     </span>
     <span class='ocr_line' id='line_1_62' title="bbox 928 2559 1696 2604; baseline -0.012 0"><span class='ocrx_word' id='word_1_475' title='bbox 928 2568 1031 2604; x_wconf 88' lang='lat' dir='ltr'>enim</span> <span class='ocrx_word' id='word_1_476' title='bbox 1070 2566 1111 2602; x_wconf 92' lang='grc'>18</span> <span class='ocrx_word' id='word_1_477' title='bbox 1156 2566 1236 2602; x_wconf 81' lang='lat' dir='ltr'>haec</span> <span class='ocrx_word' id='word_1_478' title='bbox 1275 2562 1387 2599; x_wconf 88' lang='lat' dir='ltr'>verba</span> <span class='ocrx_word' id='word_1_479' title='bbox 1424 2562 1476 2598; x_wconf 89' lang='lat' dir='ltr'>ait</span> <span class='ocrx_word' id='word_1_480' title='bbox 1503 2572 1512 2597; x_wconf 91' lang='lat'>:</span> <span class='ocrx_word' id='word_1_481' title='bbox 1538 2575 1551 2592; x_wconf 76' lang='lat' dir='ltr'>u</span> <span class='ocrx_word' id='word_1_482' title='bbox 1594 2559 1696 2596; x_wconf 79' lang='lat' dir='ltr'>Infer</span> 
     </span>
     <span class='ocr_line' id='line_1_63' title="bbox 929 2607 1697 2654; baseline -0.012 -2"><span class='ocrx_word' id='word_1_483' title='bbox 929 2625 1086 2651; x_wconf 87' lang='lat' dir='ltr'>manum</span> <span class='ocrx_word' id='word_1_484' title='bbox 1108 2614 1147 2650; x_wconf 91' lang='lat' dir='ltr'>in</span> <span class='ocrx_word' id='word_1_485' title='bbox 1172 2614 1268 2648; x_wconf 88' lang='lat' dir='ltr'>latus</span> <span class='ocrx_word' id='word_1_486' title='bbox 1287 2621 1430 2654; x_wconf 86' lang='lat' dir='ltr'>meum,</span> <span class='ocrx_word' id='word_1_487' title='bbox 1445 2614 1486 2646; x_wconf 90' lang='lat' dir='ltr'>ut</span> <span class='ocrx_word' id='word_1_488' title='bbox 1499 2607 1697 2645; x_wconf 78' lang='lat' dir='ltr'>effundant</span> 
     </span>
     <span class='ocr_line' id='line_1_64' title="bbox 931 2656 1697 2703; baseline -0.013 -3"><span class='ocrx_word' id='word_1_489' title='bbox 931 2664 969 2700; x_wconf 89' lang='lat' dir='ltr'>in</span> <span class='ocrx_word' id='word_1_490' title='bbox 988 2667 1107 2699; x_wconf 88' lang='lat' dir='ltr'>toturn</span> <span class='ocrx_word' id='word_1_491' title='bbox 1123 2661 1267 2702; x_wconf 77' lang='lat' dir='ltr'>orbem,</span> <span class='ocrx_word' id='word_1_492' title='bbox 1284 2660 1420 2695; x_wconf 89' lang='lat' dir='ltr'>iterum</span> <span class='ocrx_word' id='word_1_493' title='bbox 1435 2663 1469 2694; x_wconf 89' lang='lat' dir='ltr'>te</span> <span class='ocrx_word' id='word_1_494' title='bbox 1489 2656 1697 2703; x_wconf 83' lang='lat' dir='ltr'>aperiente,</span> 
     </span>
     <span class='ocr_line' id='line_1_65' title="bbox 933 2703 1697 2752; baseline -0.013 -4"><span class='ocrx_word' id='word_1_495' title='bbox 933 2711 1011 2747; x_wconf 86' lang='lat' dir='ltr'>haec</span> <span class='ocrx_word' id='word_1_496' title='bbox 1031 2710 1189 2746; x_wconf 81' lang='lat' dir='ltr'>vulnera</span> <span class='ocrx_word' id='word_1_497' title='bbox 1217 2708 1330 2743; x_wconf 84' lang='lat' dir='ltr'>tidem</span> <span class='ocrx_word' id='word_1_498' title='bbox 1363 2716 1447 2752; x_wconf 66' lang='lat' dir='ltr'>quas</span> <span class='ocrx_word' id='word_1_499' title='bbox 1487 2714 1622 2750; x_wconf 84' lang='lat' dir='ltr'>aquarn</span> <span class='ocrx_word' id='word_1_500' title='bbox 1657 2703 1697 2738; x_wconf 90' lang='lat' dir='ltr'>in</span> 
     </span>
     <span class='ocr_line' id='line_1_66' title="bbox 932 2751 1698 2801; baseline -0.014 -6"><span class='ocrx_word' id='word_1_501' title='bbox 932 2759 1138 2800; x_wconf 80' lang='lat' dir='ltr'>lavacrum,</span> <span class='ocrx_word' id='word_1_502' title='bbox 1179 2755 1405 2801; x_wconf 84' lang='lat' dir='ltr'>sanguinem</span> <span class='ocrx_word' id='word_1_503' title='bbox 1446 2754 1486 2789; x_wconf 94' lang='lat' dir='ltr'>in</span> <span class='ocrx_word' id='word_1_504' title='bbox 1523 2751 1698 2787; x_wconf 87' lang='lat' dir='ltr'>omnium</span> 
     </span>
     <span class='ocr_line' id='line_1_67' title="bbox 933 2799 1699 2853; baseline -0.013 -11"><span class='ocrx_word' id='word_1_505' title='bbox 933 2806 1109 2853; x_wconf 85' lang='lat' dir='ltr'>pretium,</span> <span class='ocrx_word' id='word_1_506' title='bbox 1143 2804 1222 2850; x_wconf 81' lang='lat' dir='ltr'>jam</span> <span class='ocrx_word' id='word_1_507' title='bbox 1262 2802 1450 2839; x_wconf 75' lang='lat' dir='ltr'>fuderant.</span> <span class='ocrx_word' id='word_1_508' title='bbox 1475 2817 1489 2834; x_wconf 64' lang='lat' dir='ltr'>n</span> <span class='ocrx_word' id='word_1_509' title='bbox 1533 2799 1699 2835; x_wconf 86' lang='lat' dir='ltr'>Thomas</span> 
     </span>
     <span class='ocr_line' id='line_1_68' title="bbox 933 2844 1700 2899; baseline -0.016 -9"><span class='ocrx_word' id='word_1_510' title='bbox 933 2863 1020 2899; x_wconf 85' lang='lat' dir='ltr'>ergo</span> <span class='ocrx_word' id='word_1_511' title='bbox 1041 2863 1120 2889; x_wconf 90' lang='lat' dir='ltr'>non</span> <span class='ocrx_word' id='word_1_512' title='bbox 1159 2851 1282 2887; x_wconf 89' lang='lat' dir='ltr'>solum</span> <span class='ocrx_word' id='word_1_513' title='bbox 1316 2849 1441 2886; x_wconf 86' lang='lat' dir='ltr'>cordis</span> <span class='ocrx_word' id='word_1_514' title='bbox 1472 2847 1546 2889; x_wconf 84' lang='lat' dir='ltr'>sui,</span> <span class='ocrx_word' id='word_1_515' title='bbox 1567 2844 1631 2881; x_wconf 89' lang='lat' dir='ltr'>sed</span> <span class='ocrx_word' id='word_1_516' title='bbox 1663 2846 1700 2879; x_wconf 88' lang='lat' dir='ltr'>et</span> 
     </span>
     <span class='ocr_line' id='line_1_69' title="bbox 933 2890 1700 2938; baseline -0.018 0"><span class='ocrx_word' id='word_1_517' title='bbox 933 2901 1106 2938; x_wconf 87' lang='lat' dir='ltr'>omnium</span> <span class='ocrx_word' id='word_1_518' title='bbox 1129 2898 1330 2936; x_wconf 88' lang='lat' dir='ltr'>hominum</span> <span class='ocrx_word' id='word_1_519' title='bbox 1357 2900 1461 2933; x_wconf 85' lang='lat' dir='ltr'>curat</span> <span class='ocrx_word' id='word_1_520' title='bbox 1494 2890 1700 2930; x_wconf 85' lang='lat' dir='ltr'>dubitatio-</span> 
     </span>
     <span class='ocr_line' id='line_1_70' title="bbox 934 2941 1701 2992; baseline -0.017 -6"><span class='ocrx_word' id='word_1_521' title='bbox 934 2959 1038 2986; x_wconf 89' lang='lat' dir='ltr'>nem.</span> <span class='ocrx_word' id='word_1_522' title='bbox 1061 2947 1167 2985; x_wconf 88' lang='lat' dir='ltr'>Unde</span> <span class='ocrx_word' id='word_1_523' title='bbox 1187 2948 1226 2983; x_wconf 92' lang='lat' dir='ltr'>in</span> <span class='ocrx_word' id='word_1_524' title='bbox 1241 2944 1416 2992; x_wconf 83' lang='lat' dir='ltr'>gentibus</span> <span class='ocrx_word' id='word_1_525' title='bbox 1429 2941 1701 2989; x_wconf 64' lang='lat' dir='ltr'>praedicaturus</span> 
     </span>
    </p>
   </div>
  </div>
 </body>
</html>
