1884 3164
277 139 358 183 210
697 144 747 173 m
775 142 978 174 munzun.
1003 143 1080 174 nes
1108 122 1427 174 rnenmxreuns.
1585 167 1587 169 .
1646 123 1650 126 ’
1743 145 1747 147 -
1771 119 1776 124 ’
1816 124 1884 206 ‘³³2

277 225 422 274 eritne,
443 226 540 264 sont
553 223 787 276 justement
805 221 1041 262 consideres
1072 233 1236 262 comme
1251 245 1253 250 -
1258 220 1386 274 juges
1419 220 1546 261 aussi.
1569 219 1665 262 S'ils
1682 211 1884 286 parueiqg

274 293 378 345 pent
395 292 421 330 εὶ
438 290 481 330 la
499 289 629 338 faute,
651 287 698 327 ils
718 289 814 327 sont
831 286 990 327 soumis
1020 299 1075 327 uu
1109 287 1248 327 meme
1280 285 1526 326 chetiment.
1561 287 1593 327 Ο
1621 278 1884 342 jugemenfsg

275 368 446 411 pervers
467 355 522 394 du
542 353 720 394 monde!
753 354 785 393 Ο
816 352 952 404 grand
983 352 1299 403 aveugfflment,
1333 352 1437 392 dont
1468 351 1497 391 il
1529 354 1591 391 est
1617 352 1884 410 justemeujg

274 420 563 476 reprimendas,
584 430 708 471 parce
729 417 831 470 qu’il
849 430 903 458 ne
923 430 1035 458 cesse
1054 430 1128 470 pas
1150 418 1200 457 de
1221 416 1359 456 suivre
1379 416 1417 456 le
1437 416 1590 456 demon
1611 417 1748 469 plutei
1765 411 1877 471 'ques⁸

274 487 316 528 le
335 487 489 531 Christ,
511 487 553 524 et
573 483 676 536 qu'il
696 483 895 523 continue
915 482 1136 523 d’adherer
1159 484 1183 522 ὲ
1200 494 1277 521 son
1296 481 1469 532 service,
1493 482 1635 534 quand
1654 482 1686 522 il
1704 482 1743 523 le
1768 482 1855 534 suit
1872 515 1884 535 >-

275 551 507 592 condamne
526 562 581 589 au
599 548 668 589 seu
686 547 870 588 etei-nel!
1875 594 1882 599 ⁴

329 619 610 657 Penonmson.
646 637 699 644 —
734 614 783 654 Je
814 612 983 653 eonelus
1015 614 1057 652 et
1082 611 1283 663 j’adresse
1323 612 1447 658 cette,
1472 611 1609 663 priere
1647 613 1673 651 ἐι
1706 613 1848 653 Jesus-

276 682 417 724 Christ
438 695 448 722 :
1532 669 1538 673 ’
1844 694 1845 697 “

331 748 542 799 Seigneur
559 746 693 794 JesuS,
710 744 783 797 qui
801 756 904 784 vous
925 755 977 783 en
995 742 1083 783 etes
1102 741 1182 781 alle
1199 753 1292 781 vers
1311 746 1430 781 votre
1450 742 1553 782 Pere
1574 742 1657 782 afin
1672 742 1723 783 de
1742 756 1851 786 nous

274 825 459 866 envoyer
477 810 789 864 l’Esprit-Saint
809 821 916 862 pour
935 821 1041 848 nous
1061 806 1284 872 en'seigner
1317 810 1359 846 et
1383 811 1496 846 ‘nous
1528 808 1697 860 avertit,
1725 809 1850 851 faites

274 891 356 932 que
375 890 484 918 nous
502 876 747 917 l’eeeutions
778 875 1083 922 effieaeeinent‚
1118 873 1258 925 quand
1291 872 1320 912 il
1351 885 1458 912 nous
1487 874 1669 925 reprend
1688 874 1850 929 despe-

273 945 371 985 ehes
389 955 472 996 que
492 954 598 982 nous
626 953 757 993 avons
787 940 962 979 commis
994 941 1139 978 contre
1172 950 1217 977 sa
1244 937 1385 987 home,
1421 950 1469 977 en
1502 938 1541 978 le
1573 939 1767 980 chassant
1796 940 1849 982 de

272 1011 396 1050 notre
427 1009 522 1047 {ime
541 1012 583 1047 et
608 1018 661 1046 en
686 1005 725 1045 le
758 1004 1008 1044 contristant
1042 1015 1090 1043 en
1125 1003 1307 1055 quelque
1327 1007 1462 1053 sorte3
1497 1003 1619 1042 faites
1640 1017 1719 1057 que
1739 1017 1848 1047 nous

271 1074 515 1115 l’eeoutions
535 1071 677 1124 quand
696 1070 728 1109 il
747 1082 851 1109 nous
870 1068 1073 1121 reproehe
1093 1067 1253 1107 d’avoix·
1273 1067 1446 1119 neglige
1467 1068 1527 1107 les
1548 1081 1710 1109 ‹nuvres
1735 1070 1787 1110 de
1806 1071 1848 1112 la

268 1139 434 1193 justice,
457 1150 508 1177 en
530 1149 580 1176 ne
600 1137 827 1187 coeperant
845 1135 966 1186 point
984 1136 1009 1173 ὲ.
1027 1134 1068 1172 la
1091 1134 1215 1184 grece
1237 1132 1287 1172 de
1306 1134 1436 1183 Dieu;
1475 1134 1597 1173 faites
1628 1135 1744 1175 enfin
1765 1148 1848 1189 que

270 1217 378 1245 nous
396 1201 656 1250 l’eeoutions,
680 1199 822 1252 quand
840 1199 870 1238 il
891 1211 997 1238 nous
1014 1197 1217 1250 reproehe
1237 1197 1289 1237 de
1309 1209 1362 1236 ne
1382 1197 1502 1249 point
1523 1210 1745 1240 conserver
1756 1202 1850 1253 pre·

271 1273 365 1311 sent
385 1269 539 1309 devant
559 1267 617 1306 les
636 1278 749 1318 yeux
769 1265 820 1305 de
850 1267 971 1304 notre
987 1276 1103 1304 eoeur
1117 1263 1156 1303 le
1171 1262 1371 1302 souvenir
1391 1263 1446 1302 du
1468 1265 1608 1303 severe
1624 1264 1850 1317 jugement

271 1335 324 1376 de
342 1334 463 1374 Dieu.
486 1332 623 1372 Faites
644 1343 740 1383 que,
764 1331 933 1382 lorsque
955 1341 1062 1369 nous
1093 1340 1200 1368 nous
1236 1328 1444 1368 sentirons
1473 1328 1686 1370 vivement
1716 1331 1849 1384 repris

269 1413 347 1454 par
382 1399 457 1450 lui,
490 1410 597 1437 nous
630 1408 736 1436 nous
767 1394 1106 1454 repi'imandions
1144 1394 1408 1434 severement
1451 1395 1754 1447 nous-memes,
1797 1409 1851 1438 en

269 1478 378 1506 nous
398 1463 628 1504 amendant
648 1474 719 1500 sur
750 1461 810 1500 les
841 1460 993 1513 peches
1023 1460 1180 1511 passe5‚
1202 1471 1255 1498 en
1287 1471 1396 1498 nous
1425 1458 1611 1499 excitant
1630 1462 1654 1499 ἐι
1672 1460 1766 1513 plus
1796 1461 1849 1504 de

270 1530 358 1572 zele
379 1541 486 1582 pour
506 1538 749 1580 progresser
768 1526 871 1565 dans
890 1525 931 1564 la
950 1527 1072 1564 vertu
1092 1526 1135 1563 et
1153 1523 1194 1562 la
1209 1523 1376 1575 justice,
1400 1536 1452 1563 en
1472 1535 1575 1563 vous
1595 1527 1844 1579 prevenant,

270 1596 296 1635 ὀ
315 1598 434 1636 notre
453 1595 475 1635 J
483 1604 695 1645 uge‚vous
709 1594 750 1631 et
764 1602 836 1630 vos
856 1588 1047 1630 terribles
1057 1589 1316 1641 jugements.
1337 1587 1524 1636 Qu'ainsi
1538 1589 1867 1643 l'Esprit-Saint.

270 1672 354 1714 que
373 1671 478 1699 vous
497 1670 597 1697 avez
617 1658 778 1708 envoye
808 1667 914 1694 nous
947 1654 1151 1705 enseigne
1183 1655 1208 1693 ὲ
1240 1654 1373 1693 croire
1406 1666 1458 1694 en
1492 1667 1594 1694 vous
1628 1656 1754 1698 d'une
1786 1657 1848 1700 foi-

268 1725 466 1778 paffaite,
489 1725 514 1762 a
534 1722 681 1762 iendre
719 1732 812 1760 vers
843 1731 947 1759 vous
978 1731 1078 1759 avec
1098 1731 1180 1759 une
1209 1721 1435 1771 esperanee
1467 1720 1663 1771 pariente,
1686 1723 1712 1762 ὁ
1741 1734 1846 1764 vous

269 1790 502 1831 embrusser
521 1800 621 1827 avec
639 1799 722 1826 une
741 1785 899 1826 charite
918 1785 1111 1838 parfaite,
1135 1797 1243 1837 pour
1265 1797 1362 1837 que,
1385 1788 1616 1837 renonqant
1629 1799 1682 1827 au
1696 1788 1846 1831 Princo

269 1854 320 1896 de
353 1867 399 1894 ce
431 1853 600 1903 monde,
628 1852 702 1904 qui
734 1864 759 1891 a
790 1852 856 1891 ete
887 1850 983 1903 deje
1006 1850 1113 1902 juge
1146 1854 1188 1890 et
1219 1851 1470 1901 condamne,
1493 1864 1600 1892 nous
1619 1864 1673 1893 ne
1691 1866 1844 1907 soyons

267 2054 479 2097 sequuntur
498 2052 534 2085 et
552 2050 802 2095 cooperantur
822 2046 956 2083 merito
972 2045 1039 2091 ju-

267 2097 383 2136 dicati
416 2101 638 2140 censentur-3
679 2095 709 2131 si
749 2095 916 2141 ejusdem
950 2098 1038 2129 sunt

268 2144 392 2192 culpae
413 2143 629 2192 participes,
645 2143 813 2189 ejusdem
829 2142 940 2178 etium
963 2151 1038 2188 poe·

266 2202 330 2231 me
350 2198 437 2228 sunt
458 2192 525 2228 rei.
548 2194 578 2226 0
606 2200 820 2237 perversum
848 2190 1036 2236 judicium

266 2240 424 2279 mundi!
451 2241 480 2275 0
517 2250 654 2285 inagna
687 2238 852 2281 eoeeitus,
885 2237 932 2273 de
963 2247 1036 2283 qua

265 2287 403 2326 merito
455 2286 757 2334 reprehenditur,
804 2285 901 2331 quod
961 2295 1036 2330 prm

266 2334 416 2373 Christo
455 2334 559 2381 sequi
599 2344 675 2370 nou
715 2332 855 2369 desiuit
891 2332 1035 2368 ummo-

264 2393 372 2427 nem,
405 2387 441 2418 et
479 2393 565 2418 eum
606 2381 699 2418 scint
737 2380 846 2416 illum
885 2380 1035 2416 aeternis

265 2429 420 2475 ignibus
458 2430 691 2477 deputatum,
717 2427 969 2465 nihilominus
1001 2427 1033 2464 ei

264 2477 448 2514 adhwret!

314 2524 523 2572 (leucinde,
544 2527 580 2560 et
601 2523 671 2560 hoe
689 2526 814 2559 votum
836 2522 880 2559 ud
903 2521 1033 2559 Chris-

265 2575 343 2608 tum
361 2572 494 2614 uin-iao.
521 2571 679 2608 Domine
695 2571 797 2614 lesu,
819 2570 882 2618 qui
902 2570 947 2606 ud
971 2570 1035 2607 Pu-

262 2622 358 2656 trem
397 2619 522 2655 abiisti
563 2624 602 2655 ut
637 2618 816 2665 Spiritum
859 2621 1032 2655 sanctum

262 2666 432 2703 mitteres
463 2666 572 2702 nobis
604 2670 868 2703 instructorem
890 2670 926 2702 et
947 2675 1030 2702 mo-

261 2712 446 2757 nitor-enm
469 2716 527 2751 t'ue
555 2717 593 2749 ut
613 2713 816 2750 vssteneiter
833 2712 1031 2750 audiamus

261 2770 349 2802 eum
388 2765 608 2803 arguentem
655 2772 723 2797 nus
761 2761 807 2797 de
852 2759 1027 2808 peccatis,

261 2817 347 2856 quae
364 2813 496 2845 contrn
530 2809 610 2854 ejus
643 2806 848 2845 bonitatem
869 2807 1026 2844 admisi-

260 2865 347 2893 mus
382 2854 505 2903 ipsum
529 2854 746 2901 repellendo
777 2867 799 2892 u
833 2854 958 2899 nobis,
992 2859 1028 2890 et

260 2884 538 2951 quodammodo
579 2902 850 2949 contristando,
894 2902 1027 2939 audin-

258 2960 346 2990 mus
374 2960 523 3001 quoque
543 2960 629 2988 eum
649 2953 871 2998 arguentem
892 2960 962 2990 nos
981 2950 1028 2988 de

1077 2045 1258 2092 neglectae
1294 2044 1450 2090 justitiae
1487 2044 1677 2092 oporibus,
1715 2046 1845 2094 gratim

1076 2093 1156 2138 eJus
1172 2093 1309 2129 divina}
1341 2103 1418 2129 non
1439 2093 1696 2139 cooperand03
1717 2094 1845 2133 audia-

1076 2151 1160 2177 mus
1185 2141 1348 2185 denique
1375 2146 1594 2185 arguentem
1626 2151 1696 2179 nos
1715 2141 1762 2180 de
1784 2142 1843 2180 'u-

1075 2188 1172 2225 dicio
1195 2187 1259 2224 Dei
1282 2188 1462 2232 rigoroso,
1485 2188 1582 2233 quod
1598 2194 1691 2226 ‚mite
1711 2199 1782 2227 ocu
1800 2200 1844 2228 os

1075 2235 1198 2272 cordis
1224 2235 1341 2272 nostri
1374 2245 1451 2271 nou
1484 2235 1745 2281 proponimus.
1770 2237 1843 2276 Fae

1076 2288 1114 2319 ut
1134 2293 1221 2320 eum
1241 2286 1461 2329 arguentem
1494 2292 1580 2318 eum
1614 2285 1842 2330 persenseri-

1074 2340 1173 2375 mus,
1196 2341 1273 2376 jum
1305 2340 1374 2366 nos
1403 2329 1503 2376 ipsos
1535 2330 1670 2367 aeriter
1701 2342 1840 2379 argua-

1074 2388 1172 2422 mus,
1193 2377 1431 2414 emendundo
1465 2381 1617 2423 peecata
1637 2380 1839 2426 praeterita,

1073 2425 1271 2463 exeitundo
1303 2436 1371 2461 nos
1397 2425 1600 2462 studiosius
1620 2426 1666 2462 ud
1687 2427 1840 2474 prosec-

1074 2478 1151 2510 tum
1193 2473 1231 2510 in
1271 2473 1404 2509 virtute
1436 2476 1472 2509 et
1493 2473 1654 2519 justitia,
1693 2484 1840 2521 praeve-

1073 2521 1212 2558 niendo
1246 2525 1280 2556 te
1311 2521 1499 2566 judicem,
1539 2525 1575 2557 et
1606 2531 1736 2559 amara
1773 2526 1839 2560 tua

1072 2568 1309 2628 postmodum
1328 2568 1482 2614 Judieiu.
1519 2568 1580 2606 Sie
1611 2568 1744 2607 doceat
1768 2580 1839 2609 nos

1070 2616 1229 2663 spiritus
1248 2617 1406 2652 Sanetus
1438 2626 1550 2670 quem
1577 2615 1727 2662 misisti,
1746 2627 1838 2666 per-

1071 2665 1166 2700 fectu
1188 2664 1259 2700 tide
1280 2664 1431 2700 eredere
1453 2674 1491 2701 m
1513 2667 1561 2710 te,
1582 2663 1746 2711 perfecta
1771 2674 1838 2712 spe

1070 2711 1279 2748 tendereud
1303 2720 1350 2757 te,
1368 2711 1531 2758 perfecta
1551 2710 1732 2749 charitate
1750 2722 1837 2750 am·
1870 2750 1871 2753 ,

1069 2758 1182 2842 {noeti
1214 2763 1262 2806 te,
1300 2763 1339 2796 ut
1371 2758 1633 2796 renuntiantes
1665 2758 1836 2807 Principi
1868 2795 1874 2801 ,

1083 2807 1180 2854 iuJus
1202 2806 1350 2853 mundi,
1372 2806 1434 2853 qui
1451 2806 1529 2852 jam
1562 2805 1746 2843 'udioatus
1778 2809 1836 2845 est

1067 2859 1102 2891 et
1122 2855 1411 2898 condetntttitu5‚
1432 2864 1521 2892 eum
1542 2852 1552 2889 i
1572 2853 1607 2890 10
1627 2863 1706 2891 non
1726 2853 1836 2909 judi·
1874 2856 1878 2861 '

1066 2913 1197 2940 eemur
1216 2906 1250 2939 et
1271 2902 1845 2951 condemnemurfflummisque
1881 2908 1884 2916 ·

1066 2950 1218 2989 oeternis
1237 2949 1471 2988 addicamur.
