1826 3164
439 147 665 195 momulus
690 157 906 190 amnena
931 149 1061 191 uus
1086 132 1137 190 m
1165 159 1415 191 1113133013.
1628 152 1713 195 m

127 233 298 291 *qu-'aux
317 235 504 287 enciens,
520 239 563 277 et
579 235 653 276 des
669 235 756 276 lors
772 234 867 276 leur
885 235 1001 278 faute
1021 239 1085 278 est
1101 236 1198 290 plus
1218 249 1347 289 grave
1365 242 1408 278 et
1426 238 1465 279 13
1479 239 1710 292 jugement

139 300 208 345 du‘
227 301 306 343 ciel
323 314 397 342 sur
415 313 498 342 eux
515 312 609 341 sera
626 299 721 353 plus
738 301 896 341 severe.
919 301 952 342 Il
970 306 1043 342 eut
1073 302 1181 343 donc
1199 302 1344 343 mieux
1371 303 1471 344 valu
1490 317 1598 357 pour
1622 316 1710 349 eux

139 379 194 410 33
212 379 286 421 pas
305 367 423 409 avoir
441 378 579 407 connu
599 365 640 406 13
665 365 758 406 voie
777 365 830 407 de
848 366 890 407 13
901 366 1069 418 justice,
1087 368 1133 420 je
1151 380 1263 409 veux
1293 368 1383 409 dire
1403 369 1445 408 la
1462 369 1648 422 religion
1665 374 1708 414 01

139 433 202 476 les
217 431 477 474 institutions
492 430 548 471 du
562 430 895 483 Christianisme,
916 454 970 461 —-
988 431 1127 485 lequel
1147 435 1209 473 est
1227 445 1391 489 comm-e
1404 446 1489 474 une
1501 435 1710 476 veritable

140 498 234 539 veie
253 497 326 550 qui
344 496 517 537 conduit
535 496 597 537 les
615 496 806 537 hommes
826 496 911 537 313
929 497 1045 538 vraie
1076 501 1197 538 vertu
1228 502 1271 539 et
1302 501 1328 539 3
1357 498 1398 540 la
1424 499 1577 552 justice
1607 513 1708 553 par-

143 561 259 612 faite,
279 562 376 614 puis
394 563 420 601 a
438 562 479 601 13
487 561 642 614 justice
660 561 826 613 celeste,
848 584 902 592 —
920 574 1001 615 (133
1023 563 1215 603 mar-cher
1246 575 1300 603 311
1329 564 1485 605 3111313
1515 564 1572 605 du
1597 566 1710 606 saint

141 628 523 678 commendement,
545 628 667 680 apres
685 627 804 668 avoir
822 627 1032 668 3311113333
1053 628 1094 668 13
1112 628 1171 668 foi
1188 632 1231 668 et
1249 630 1338 670 etre
1370 632 1510 670 331133
1542 630 1647 671 dans
1666 630 1710 673 13

140 691 237 733 νο13
253 692 404 732 droite.
437 692 640 741 Qu'est-ce
661 705 743 746 que
769 708 790 732 (ι
808 692 848 734 13
866 693 976 734 saint
996 694 1390 735 commendement?
1405 711 1425 731 »
1449 695 1556 736 C’est
1573 695 1616 736 la
1634 694 1710 737 Loi

139 756 443 810 Evangelique,
464 758 567 798 dont
586 758 624 798 le
644 758 782 799 Christ
800 763 864 799 est
896 759 1077 799 l'auteur
1104 772 1204 799 avec
1235 759 1274 800 13
1306 760 1598 813 Saint—Esprit.
1633 762 1709 803 Son

138 823 521 863 commandements
557 827 653 863 sont
689 824 931 874 tres-saints,
975 836 1098 877 parce
1136 825 1257 877 qu’ils
1301 826 1554 877 enseignent
1590 830 1709 868 10310

137 889 284 940 purete
303 890 344 927 et
364 892 481 928 toute
501 889 693 938 33131313,
711 891 752 934 31
771 889 1042 931 retranchent
1060 893 1178 930 toute
1192 891 1402 942 impurete
1423 895 1466 930 et
1486 895 1603 932 toute
1623 892 1708 932 im-

119 952 265 1005 fiete.
286 954 367 993 Par
389 965 433 993 sa
452 954 640 994 doctrine
660 957 703 994 31
729 966 792 995 333
829 954 966 995 divins
992 961 1259 1004 sacrements,
1282 956 1362 996 3113
1393 957 1583 996 33331163
1614 959 1710 997 tous

138 1028 244 1058 ceux
264 1018 337 1070 qui
356 1018 416 1058 lui
443 1019 665 1068 0113133331,
698 1022 741 1060 31
771 1023 879 1060 33113
911 1020 1099 1061 doctrine
1131 1021 1220 1061 doit
1251 1022 1338 1062 3113
1361 1022 1515 1074 gardee
1545 1034 1711 1063 comme

139 1095 224 1125 une
255 1084 379 1124 chose
410 1088 562 1136 333133,
586 1097 709 1138 parce
742 1098 826 1138 (133
857 1098 902 1126 33
932 1086 989 1126 fin
1022 1092 1083 1126 est
1115 1087 1155 1126 13
1181 1087 1334 1138 justice
1366 1091 1407 1127 31
1439 1087 1481 1127 13
1513 1088 1709 1128 33131313.

138 1148 283 1190 Helas!
306 1150 403 1202 quel
419 1150 646 1202 jugement
666 1152 807 1192 severe
827 1150 857 1191 il
875 1163 1040 1191 assume
1061 1164 1132 1192 sur
1152 1165 1197 1192 sa
1215 1153 1313 1201 tete,
1337 1154 1444 1193 celui
1478 1153 1566 1206 qui,
1588 1154 1710 1207 apres

139 1214 258 1258 avoir
275 1215 433 1267 promis
451 1228 528 1269 par
548 1216 587 1256 le
606 1217 808 1269 Bapteme
829 1216 988 1257 d'obeir
1008 1220 1033 1257 3
1052 1217 1093 1257 13
1124 1218 1179 1257 101
1212 1219 1491 1271 evangelique
1523 1221 1565 1259 et
1585 1218 1711 1260 s'etro

138 1279 316 1320 33113131
346 1293 430 1320 aux
461 1282 590 1321 saints
635 1283 1022 1323 commendements
1041 1305 1094 1313 —
1112 1287 1241 1335 ayant
1272 1284 1349 1323 fait
1386 1284 1619 1336 profession
1657 1283 1710 1325 de

138 1356 345 1387 renoncer
366 1347 390 1385 a
410 1347 541 1386 Satan
562 1350 605 1387 et
625 1348 651 1387 3
669 1350 809 1388 103133
827 1360 891 1388 333
909 1360 1088 1396 oeuwes,
1112 1352 1153 1388 31
1184 1349 1234 1388 (13
1269 1349 1491 1388 s’attacher
1523 1352 1548 1388 3
1565 1349 1708 1389 ,13333-

140 1409 279 1452 Christ
297 1416 340 1450 et
358 1413 381 1450 a
403 1414 495 1451 tous
515 1423 578 1452 ses
592 1413 981 1454 commendements
999 1437 1052 1443 —
1071 1414 1163 1466 plus
1177 1414 1271 1453 tard
1286 1414 1426 1454 ouhlie
1447 1415 1487 1454 13
1497 1425 1711 1466 promesse

144 1475 278 1516 sainte
309 1479 352 1516 et
381 1477 699 1530 l'engagement
731 1481 860 1528 sacre,
883 1479 955 1531 qui
975 1483 1083 1519 reste
1103 1479 1206 1519 ecrit
1238 1492 1291 1519 au
1323 1480 1417 1527 ciel,
1444 1491 1487 1519 se
1518 1479 1624 1519 livre
1652 1490 1712 1519 33

140 1540 245 1591 vice,
267 1545 309 1582 et
340 1542 513 1594 neglige
533 1555 579 1582 sa
607 1543 912 1584 sanctification
946 1544 1053 1584 ainsi
1089 1556 1172 1597 que
1208 1544 1250 1584 13
1289 1546 1413 1596 grece
1452 1556 1575 1596 reque
1613 1543 1712 1585 d’en

138 1604 262 1646 bauti
296 1608 484 1657 Ceux-la,
516 1609 629 1649 saint
658 1609 878 1650 Ambroise
904 1608 997 1662 (Des
1027 1616 1275 1650 sacrements.
1310 1610 1383 1649 liv,
1417 1611 1449 1660 1,
1472 1621 1520 1650 11.
1542 1609 1631 1662 35.)
1648 1609 1711 1650 133

139 1672 321 1724 1311133ᾱ
341 1675 628 1714 severement:
655 1688 674 1712 «
695 1677 752 1715 Le
773 1675 894 1715 Saint
913 1675 985 1714 des
1004 1675 1135 1715 saints
1155 1687 1258 1714 vous
1277 1687 1302 1714 a
1322 1677 1387 1714 ete
1419 1678 1582 1722 ouvert,
1604 1686 1714 1716 vous

136 1735 224 1776 etes
245 1740 364 1778 entre
383 1738 486 1778 dans
506 1739 545 1779 13
564 1740 798 1780 3333133113
818 1741 870 1780 (13
892 1741 1010 1780 Dien.
1034 1740 1367 1792 Rappelez-vous
1399 1740 1459 1780 les
1491 1739 1711 1792 questions

139 1800 267 1855 qu'on
285 1814 388 1843 vous
406 1816 435 1856 y
465 1816 492 1844 3
510 1804 649 1856 faites,
683 1806 968 1846 reconnaissez
998 1805 1158 1858 quelles
1186 1810 1260 1845 ont
1291 1807 1357 1845 ete
1389 1818 1462 1844 vos
1492 1807 1707 1858 repenses,

139 1866 253 1907 Vous
265 1879 365 1908 avez
385 1871 563 1909 13110333
584 1882 638 1910 au
658 1870 812 1910 demon
832 1875 873 1911 et
893 1874 916 1910 3
936 1882 999 1910 333
1018 1883 1198 1921 oeuvres,
1215 1883 1268 1910 au
1284 1870 1488 1918 monde‚a
1502 1870 1543 1910 13
1556 1870 1713 1910 luxure

139 2015 222 2062 ejus
238 2016 352 2061 dona,
368 2026 482 2063 quam
494 2017 587 2054 olim
605 2018 785 2064 antiquis,
804 2018 903 2055 ideo·
914 2021 922 2036 ⁸

941 2023 1144 2064 sancteque
1175 2018 1349 2055 doctrina
1380 2018 1447 2054 illa
1479 2018 1619 2054 servari
1638 2017 1713 2054 de-

140 2072 215 2110 que
241 2064 362 2110 major
398 2068 453 2100 est
490 2075 621 2102 eorum
658 2065 901 2112 ingratitudo,

942 2065 1018 2110 bet,
1039 2067 1127 2112 quia
1166 2066 1246 2111 ejus
1286 2065 1375 2102 finis
1406 2070 1461 2101 est
1489 2066 1636 2111 justitia
1672 2069 1711 2103 et

140 2111 337 2158 majusque
382 2111 571 2158 judicium
625 2112 699 2150 sibi
755 2114 903 2150 coelitus

140 2159 345 2196 3111311331.
368 2159 503 2196 Μ31133
523 2170 611 2206 ergo
631 2161 708 2198 illis
726 2165 805 2197 erat
823 2171 903 2197 non

140 2215 369 2253 cognoscere
406 2207 502 2243 viam
540 2207 696 2253 justitiae
730 2208 801 2246 hoc
832 2212 901 2253 est,

140 2253 379 2300 religionem,
401 2259 437 2291 31
467 2255 682 2292 institutum
720 2256 903 2292 Christia-

139 2301 256 2339 nismi
277 2302 391 2349 (quod
425 2307 605 2350 tanquam
636 2314 721 2340 vera
752 2304 812 2340 via
832 2304 903 2341 ho-

141 2349 267 2387 mines
296 2349 401 2386 ducit
431 2350 478 2386 ad
509 2361 638 2388 veram
672 2352 847 2388 virtutem
868 2356 904 2388 et

139 2395 324 2442 iustitiam
362 2398 582 2443 perfectam,
608 2403 644 2436 31
682 2399 819 2435 (1313113
856 2400 903 2435 ad

142 2443 333 2480 eoelestem
366 2445 539 2491 patriam)
576 2457 689 2493 quam
721 2447 788 2483 1110
816 2457 902 2483 sus-

143 2493 251 2536 cepto
270 2495 305 2527 et
325 2491 472 2529 initiata
490 2493 552 2530 via
570 2499 671 2530 recta
698 2498 903 2531 retrorsum

142 2539 312 2574 converti
347 2549 370 2574 a
406 2544 538 2576 sancto
575 2541 766 2579 mandato.
795 2542 903 2586 Quod

144 2587 203 2622 331
236 2589 410 2622 sanctum
447 2587 695 2625 mandatum?
736 2589 810 2626 Lex
848 2595 903 2626 est

143 2630 498 2685 Evangelica,cujus
516 2639 646 2671 auctor
663 2640 720 2673 est
733 2637 903 2674 Christus

145 2682 183 2714 31
218 2678 377 2732 Spiritus
413 2685 579 2718 sanctus.
605 2682 696 2728 Ejus
726 2685 902 2730 mandata

146 2726 386 2769 333311εεί133
417 2732 518 2773 33111,
539 2728 628 2775 (1313
645 2740 798 2769 omnem
827 2743 902 2778 pu-

146 2773 296 2810 ritatem
339 2779 374 2810 et
416 2774 708 2815 sanctimoniam
750 2778 904 2824 docent,

144 2829 375 2867 omnemque
395 2821 650 2868 impuritatem
670 2828 707 2860 et
725 2824 901 2872 impieta-

146 2870 224 2905 tem
268 2873 452 2905 resecant.
496 2870 564 2907 Pem
612 2871 825 2910 doctrinam
866 2878 903 2911 31

942 2114 1133 2150 333311133.
1156 2114 1227 2157 Qui
1255 2123 1343 2157 ergo
1376 2123 1442 2158 per
1477 2112 1709 2159 baptismum

942 2171 981 2197 se
1002 2161 1073 2206 legi
1095 2160 1330 2206 Evangelicae
1355 2160 1595 2197 obedientem
1615 2170 1710 2207 pro-

942 2209 1044 2244 misit
1064 2214 1099 2244 31
1120 2213 1250 2245 333310
1271 2208 1449 2244 mandato
1475 2218 1515 2245 33
1540 2207 1711 2245 adstrin-

942 2256 996 2292 xit
1016 2256 1220 2302 (professus
1242 2256 1459 2292 renuntiare
1491 2261 1648 2300 satanae,
1669 2259 1707 2292 et

942 2303 1121 2340 omnibus
1148 2303 1326 2350 operibus
1346 2304 1442 2349 eJus,
1462 2308 1499 2339 et
1515 2303 1714 2340 adhaerere

942 2351 1089 2388 Christo
1122 2356 1158 2387 et
1179 2351 1358 2388 omnibus
1393 2350 1581 2387 mandatis
1611 2350 1712 2396 eius)

942 2403 1071 2445 postea
1091 2410 1177 2436 vero
1209 2399 1409 2435 immemor
1440 2398 1713 2444 promissionis

942 2451 978 2482 et
998 2447 1248 2493 chyrographi
1270 2446 1407 2490 sancti,
1428 2446 1528 2492 quod
1548 2446 1591 2483 in
1611 2445 1710 2483 eoelo

942 2494 1125 2541 scriptum
1163 2499 1326 2537 tenetur,
1349 2494 1448 2530 vitiis
1493 2504 1533 2530 se
1578 2493 1706 2540 tradit,

941 2542 1358 2587 sanctificationemque
1378 2546 1414 2577 et
1434 2542 1593 2587 gratiam
1612 2541 1710 2578 divi·

942 2590 1042 2626 nitus
1104 2594 1296 2636 acceptam
1359 2589 1530 2636 negligit,
1595 2588 1707 2634 eheu,

940 2647 1054 2683 quam
1092 2638 1194 2683 gravi
1227 2636 1371 2682 judicio
1410 2648 1450 2673 se
1493 2636 1708 2673 obnoxium

942 2685 1081 2721 reddit!
1118 2686 1190 2722 1103
1223 2689 1352 2720 130331
1381 2685 1518 2721 3311131
1550 2688 1706 2720 sanctus

941 2732 1174 2778 Ambrosius,
1191 2732 1215 2768 1.
1234 2732 1249 2769 1
1267 2732 1312 2768 (13
1332 2733 1589 2774 Sacramento,
1604 2740 1638 2766 c.
1653 2729 1703 2766 2:

944 2792 959 2811 «
982 2781 1155 2816 Reserata
1175 2784 1264 2816 3331
1284 2779 1350 2816 tibi
1384 2780 1522 2816 Sancta
1546 2779 1709 2813 Sancto-

940 2838 1038 2873 rum,
1061 2828 1254 2874 ingressus
1274 2838 1314 2864 es
1338 2826 1602 2863 Sanctuarium
1623 2823 1704 2861 Dei.

939 2875 1077 2921 Repete
1102 2876 1193 2921 quid
1212 2876 1462 2921 interrogatus
1482 2873 1547 2917 sis,
1571 2881 1705 2918 recog-

144 2913 276 2953 divina
315 2926 376 2953 ruae
405 2916 517 2954 tradit
545 2917 802 2963 Sacramenta,
817 2930 902 2958 0111-
939 2933 1055 2959 nosce
1091 2923 1179 2968 quid
1240 2921 1490 2968 responderis.
1543 2919 1708 2955 Renun-

149 2971 219 3000 nes
269 2963 343 3000 sii
399 2963 618 3003 obedientes
676 2966 901 3015 sanctificat,
939 2970 1040 3007 tiasti
1089 2970 1240 3007 diabolo
1294 2974 1330 3006 31
1385 2966 1561 3013 operibus
1604 2966 1704 3013 ejus,
