1826 3164
95 213 138 254 le
150 212 288 266 priere
298 212 483 265 et,apres
491 210 532 252 la
541 211 653 251 mort
663 208 716 250 de
727 211 820 263 sept
830 209 1059 260 maris‚elle
1070 208 1208 251 ohtint
1219 222 1280 251 un
1290 209 1500 252 tres-saint
1507 210 1669 264 epouxs

93 277 227 319 L'ami
245 274 755 331 persevere‚en·frappant
772 276 798 314 a
816 274 857 314 la
875 278 996 327 porte
1016 275 1068 316 de
1086 287 1160 316 son
1180 275 1281 327 ami,
1298 275 1329 315 il
1350 287 1403 315 en
1423 274 1587 317 obtient
1605 275 1667 318 les

93 343 214 396 pains
233 342 306 396 qui
321 341 383 382 lui
401 342 495 381 sont
513 339 768 380 neeessaires
786 351 895 391 pour
912 343 1120 381 sustenter
1137 339 1267 381 l’hote
1286 340 1358 393 qui
1387 339 1449 380 lui
1480 344 1542 381 est
1571 353 1667 382 sur·

92 419 219 449 venu.
241 407 364 447 Saint
380 406 548 446 Jerome
567 404 786 457 persevero
805 415 889 443 aux
907 404 1024 456 pieds
1053 405 1104 445 de
1134 406 1270 455 Jesus,
1303 405 1449 459 priant
1479 409 1523 446 et
1550 405 1668 459 frap-

92 475 197 526 pant
215 484 260 512 sa
279 470 476 523 pomino,
500 470 525 509 a
543 480 666 509 cause
686 469 812 509 d’une
831 469 1040 510 tentation
1062 470 1133 522 qui
1154 470 1350 522 robsede,
1382 472 1427 511 et
1456 469 1488 511 il
1517 472 1668 512 trouve

90 537 134 578 la
152 535 427 588 tranquillite.
450 536 504 575 Ce
525 533 676 587 peuple
695 535 914 587 persevere
934 534 1040 574 dans
1058 547 1102 574 sa
1122 535 1291 576 ferveur
1309 538 1352 576 et
1370 535 1401 576 il
1433 535 1594 576 a’attire
1623 535 1668 578 la

91 601 195 654 pitie
215 601 270 640 du
291 600 513 651 Seigneur.
529 599 616 640 Ohl
639 599 687 648 si,
711 612 818 639 nous
837 599 962 648 aussi,
979 611 1085 639 nous
1103 599 1269 640 savions
1289 601 1529 653 perseveret·
1546 600 1668 654 quol-

92 665 269 720 quomis,
291 666 428 705 meme
449 665 638 717 pendant
656 677 739 705 une
759 665 907 713 heure,
929 677 1028 705 aveo
1041 664 1160 715 Dieu,
1178 664 1287 705 alors
1302 678 1385 718 que
1407 678 1514 707 nous
1529 667 1668 720 perse-

8 773 12 781 ,
90 731 241 771 verens
259 730 415 770 durant
434 730 507 770 des
527 731 641 770 nuits
661 730 843 770 entieres
863 732 888 769 a
908 730 1024 770 boire
1055 733 1096 770 et
1129 731 1154 770 ὁ,
1168 730 1292 782 jouer
1310 730 1320 770 l
1343 732 1398 771 Ce
1419 731 1527 771 n'est
1545 730 1669 784 point

21 795 23 798 ⁴
90 807 191 836 που
209 795 248 835 le
268 795 422 835 monde
453 807 508 834 ou
539 807 638 835 aveo
672 795 708 835 le
740 795 893 836 demon
926 794 1029 848 qu’it
1055 795 1147 836 faut
1164 797 1422 848 perseverer,
1447 796 1546 837 e‘est
1564 807 1669 839 aveo

0 857 1 867 ¹
89 860 385 910 lesus-Christ,
409 860 513 900 dans
534 861 574 900 la
594 860 774 900 solitude
793 861 846 901 du
870 873 987 900 eoeur
1012 864 1055 901 et
1085 860 1141 901 (10
1173 873 1310 915 corps,
1345 860 1380 900 si
1411 873 1517 900 nous
1559 874 1665 903 vou-

90 925 180 966 lons
207 926 355 966 attirer
385 938 431 965 sa
462 925 729 966 misericorde
762 930 804 966 et
837 929 1007 966 trouver
1039 925 1240 966 l’eliment
1271 926 1323 966 de
1354 925 1396 966 la
1430 928 1554 979 grace
1594 930 1663 968 ee-

89 990 207 1031 leste.

142 1058 184 1096 2⁰
204 1057 348 1096 Pomm.
372 1077 424 1086 -—
446 1056 564 1105 Mais,
588 1068 748 1108 voyons
767 1055 919 1096 l’ordre
939 1056 1043 1096 dans
1062 1056 1202 1108 lequel
1228 1056 1486 1110 s'aeeomplit
1514 1056 1552 1097 le
1585 1055 1667 1099 mi-

89 1122 216 1161 reete.

146 1186 503 1238 Notre·Seigneu1·
522 1186 695 1239 indique
715 1189 740 1226 a
758 1198 822 1226 ses
841 1186 1033 1239 disciples
1053 1186 1155 1240 qu'il
1183 1189 1246 1227 est
1277 1186 1431 1227 touehe
1462 1187 1515 1228 de
1548 1199 1665 1228 eom-

89 1251 257 1304 passion
278 1263 349 1291 sur
371 1251 408 1291 le
427 1251 579 1304 peuple
600 1251 673 1304 qui
693 1255 754 1292 est
774 1264 884 1292 venu
904 1252 955 1291 de
975 1252 1008 1291 si
1028 1252 1114 1292 loin
1142 1255 1183 1292 et
1216 1251 1289 1304 qui
1319 1264 1374 1292 ne
1405 1264 1560 1304 pourra
1589 1263 1667 1306 pas

91 1316 335 1356 facilement
355 1319 577 1357 retourner
596 1317 699 1356 dens
720 1329 784 1357 ses
810 1317 1044 1368 demeures,
1078 1317 1239 1358 affaibli
1271 1317 1375 1371 qu’il
1405 1321 1467 1358 est
1497 1330 1575 1369 par
1604 1329 1665 1359 un

91 1380 194 1433 long
207 1381 354 1433 jeune.

142 1447 220 1487 Les
239 1446 429 1499 disciples
449 1447 721 1499 repondirent
742 1460 751 1486 :
780 1463 800 1486 (ι
819 1449 1038 1488 Comment
1062 1448 1325 1500 pourrait-on
1357 1450 1529 1488 trouver
1560 1448 1665 1490 dans

89 1523 135 1552 ee
155 1511 293 1552 desert
312 1524 424 1552 assez
444 1512 495 1552 de
515 1513 615 1564 pain
634 1525 741 1565 pour
761 1513 819 1552 les
841 1513 1068 1553 rassasier?
1088 1512 1236 1565 (Marc.
1260 1524 1353 1562 v111,
1374 1513 1467 1566 4.)»
1485 1514 1663 1555 Remur-

88 1588 224 1629 quons
244 1576 294 1616 ici
313 1577 353 1616 la
373 1578 539 1617 lenteur
559 1578 612 1618 de
632 1579 672 1617 la
691 1578 750 1618 foi
769 1578 841 1618 des
860 1579 1052 1631 (liseiples
1073 1579 1144 1631 qui
1164 1578 1355 1619 oublient
1387 1590 1567 1632 presque
1601 1578 1663 1621 les

88 1653 252 1682 oeuvres
272 1641 323 1682 de
341 1643 638 1683 ,lesus-Christ.
662 1643 715 1683 115
736 1655 787 1682 ne
807 1643 1072 1683 considerent
1093 1656 1173 1696 que
1201 1643 1294 1684 leur
1324 1643 1517 1696 penurie,
1551 1643 1662 1685 alors

87 1705 211 1758 qu’ils
231 1707 425 1747 auraient
444 1707 501 1747 (10
521 1707 722 1760 regarder
740 1709 780 1747 la
801 1709 1018 1761 puissauee
1038 1713 1079 1748 et
1110 1709 1151 1749 la
1181 1709 1308 1749 bonte
1341 1709 1398 1748 du
1430 1709 1661 1762 Seigneur.

87 1772 174 1814 Peu
194 1776 468 1825 aupnravant‚
492 1772 542 1812 ils
562 1773 729 1813 avaient
747 1786 803 1813 vu
823 1774 917 1826 cinq
936 1774 1050 1814 mille
1070 1774 1262 1815 hommes
1280 1786 1335 1814 au
1356 1774 1496 1814 desert
1524 1786 1662 1816 rassa-

88 1836 168 1876 sies
187 1848 264 1888 par
283 1837 321 1876 le
341 1838 407 1876 Sei
415 1850 549 1889 gneur
567 1850 666 1878 avec,
686 1838 782 1891 cinq
801 1839 920 1891 pains
938 1843 980 1880 et
1000 1839 1028 1879 il
1049 1852 1102 1879 en
1123 1843 1232 1879 resta
1254 1840 1493 1892 cependant
1522 1839 1662 1882 douze

87 1900 320 1942 corbeilles.
342 1902 464 1943 voila
494 1914 539 1942 ce
566 1903 688 1955 qu'ils
707 1904 900 1944 auraieut
919 1905 977 1944 du
994 1917 1037 1945 se
1059 1905 1264 1958 rappeler.
1286 1906 1395 1955 Eux,
1419 1905 1478 1946 les
1508 1906 1660 1958 coope-

420 122 586 164 si'xn'ffle
614 106 827 164 niumm
855 122 982 163 annes
1010 132 1060 163 u
1090 128 1337 164 runco-ra.
1400 109 1454 156 *ὃ

88 2030 131 2068 10
150 2029 334 2074 oratione‚
356 2034 391 2067 et
411 2035 491 2077 post
521 2036 679 2069 mortem
712 2037 852 2078 septem

115 2078 123 2085 ·
526 2079 533 2085 ·
767 2081 773 2086 .
939 2034 1009 2069 Sed
1031 2034 1224 2070 videamus
1251 2034 1387 2070 seriem
1407 2033 1521 2081 hujus
1540 2034 1661 2072 mira-

90 2088 271 2121 virorum,
292 2083 402 2114 nacta
421 2083 475 2115 est
503 2089 622 2115 virum
656 2081 851 2116 sanctissi-

893 2081 982 2116 culi.
1006 2082 1098 2117 Cum
1131 2081 1334 2117 indicasset
1357 2081 1556 2127 discipulis
1582 2082 1660 2120 Do-

89 2135 210 2163 mum.
243 2125 492 2163 Perseveravit
523 2127 667 2164 amicus
699 2128 855 2173 pulsans

90 2173 138 2210 ad
156 2172 308 2218 ostium,
331 2178 366 2210 et
387 2184 503 2220 panes
520 2175 665 2221 aceepit
687 2186 854 2211 necessa-

91 2220 167 2257 rios
186 2221 227 2258 in
264 2221 378 2257 amici
417 2221 641 2258 subsidium.
678 2222 852 2259 Perseve-

92 2269 185 2305 ravit
205 2273 358 2305 sanetus
393 2269 643 2314 Hieronymus
672 2281 785 2306 orans
818 2276 853 2306 et

90 2320 222 2362 peetus
257 2316 472 2362 percutiens
509 2317 555 2353 ad
603 2318 716 2364 pedes
767 2319 853 2354 Jesu

90 2368 242 2409 propter
261 2364 520 2407 tentationem,
543 2370 577 2400 et
599 2367 735 2412 reperit
757 2371 853 2401 tran·

92 2409 331 2455 quillitatem.
395 2411 644 2448 perseveravit
687 2419 723 2449 et
775 2414 854 2450 hiPc

90 2456 202 2493 turba
220 2456 269 2492 ob
289 2457 487 2501 fervorem,
502 2464 537 2495 et
552 2460 679 2496 allexit
705 2461 853 2498 Domini

92 2504 474 2541 commiserationem.
496 2507 526 2542 Ο
547 2507 579 2542 51
597 2512 633 2544 et
649 2519 719 2544 nos
738 2519 853 2554 quun-

91 2551 215 2596 doque
259 2562 580 2597 perseveraremus
628 2556 685 2591 vel
744 2557 853 2592 unica

93 2598 186 2634 hora
206 2607 293 2634 cum
322 2598 408 2644 Deo,
432 2600 494 2645 qui
527 2600 692 2645 integras
725 2609 855 2640 noctes

93 2645 151 2681 vel
172 2644 213 2680 in
233 2645 392 2691 poculis,
414 2647 471 2682 vel
494 2647 534 2683 in
555 2647 654 2685 ludis
681 2661 854 2696 perseve-

93 2694 246 2728 ramus!
288 2692 442 2738 Oportet
475 2705 553 2731 nen
590 2705 678 2732 oum
714 2699 855 2735 mundo

95 2739 153 2776 vel
192 2749 279 2776 eum
317 2740 466 2777 diabolo
504 2751 753 2788 perseverare,
792 2746 856 2782 sed

96 2796 185 2823 eum
210 2786 356 2823 Christo
391 2787 431 2824 in
464 2789 587 2825 eordis
619 2794 654 2826 et
691 2794 858 2838 eorporis

96 2833 316 2878 solitudine,
337 2835 370 2870 si
404 2834 563 2872 velimus
581 2833 677 2882 'ejus
707 2839 856 2876 miseri-

97 2880 265 2917 cordiam
301 2882 502 2926 attrahere,
523 2888 558 2919 et
577 2885 741 2922 eoelestis
774 2897 859 2932 gra-

98 2927 160 2963 1101
179 2927 401 2966 alimentum
423 2931 598 2977 reperire.

894 2129 1021 2164 minus
1060 2139 1098 2164 se
1132 2129 1389 2165 misericordia
1427 2128 1661 2168 commoveri

893 2186 1005 2222 super
1043 2176 1191 2212 turbam
1228 2177 1274 2212 de
1306 2176 1416 2222 longe
1444 2176 1662 2215 venientem

893 2228 991 2269 (quae
1037 2224 1148 2260 facile
1185 2224 1230 2260 ad
1276 2224 1424 2270 propria
1465 2235 1543 2261 non
1581 2227 1662 2263 erat

894 2281 1121 2317 regressum,
1143 2282 1230 2308 cum
1260 2271 1463 2308 imbecillis
1492 2272 1587 2308 soret
1612 2282 1662 2311 οι

894 2319 1034 2363 inedia)
1093 2319 1369 2366 responderunt
1424 2318 1602 2366 discipuli
1645 2329 1660 2358 t

897 2381 910 2397 α
937 2367 1042 2403 Unde
1076 2366 1166 2403 istos
1205 2367 1289 2412 quis
1321 2367 1455 2412 peterit
1492 2371 1661 2406 saturare

894 2414 1055 2460 panibus
1076 2415 1116 2450 in
1137 2414 1366 2450 solitudine?
1381 2429 1396 2448 »

943 2462 1010 2498 Ubi
1032 2462 1185 2498 tarditas
1204 2462 1476 2508 discipulorum
1497 2472 1576 2499 000
1601 2472 1659 2500 sa.-

894 2508 940 2544 tis
984 2520 1097 2556 opera
1141 2509 1278 2545 Christi
1323 2510 1660 2550 rememorantium

892 2557 1111 2592 annotanda
1143 2558 1275 2594 venit:
1309 2557 1350 2593 in
1388 2567 1495 2594 suam
1533 2557 1660 2594 solum

895 2604 1092 2649 penuriam
1133 2604 1263 2640 oeulos
1312 2604 1534 2650 conjiciunt,
1567 2607 1660 2642 'cum

895 2652 980 2687 iilos
1000 2653 1046 2687 ad
1080 2652 1286 2697 potentiam
1319 2658 1354 2688 et
1387 2652 1660 2699 benignitatem

898 2700 1048 2735 Domini
1069 2704 1288 2735 convertere
1307 2700 1538 2736 debuissent.
1561 2698 1660 2735 Nam

896 2747 1006 2792 paulo
1027 2751 1114 2782 ante
1141 2747 1309 2783 viderant
1338 2748 1504 2793 quinque
1538 2745 1661 2782 millia.

898 2794 1097 2830 hominum
1129 2794 1169 2830 in
1202 2795 1407 2832 solitudine
1437 2807 1458 2830 a
1500 2793 1660 2830 Domino

896 2842 1026 2877 satiata
1053 2852 1099 2878 ex
1130 2842 1296 2889 quinque
1331 2841 1503 2888 panibus,
1525 2845 1561 2876 et
1592 2849 1661 2876 su-

897 2889 1080 2935 perfuisse
1099 2889 1351 2926 nihilominus
1371 2887 1571 2924 duodecim
1599 2896 1662 2924 eo-

898 2935 1047 2982 phinos.
1070 2937 1148 2974 Hoc
1167 2946 1418 2974 rememorare
1437 2934 1661 2982 debuerant,
