1826 3164
463 7 470 18 Ἰ
500 2 501 6 ¹
531 0 654 13 'on->³

392 100 396 102 >
447 117 677 183 ’1801881111
699 135 915 177 omnen
940 116 1072 186 ’81818
1101 146 1150 181 u
1177 148 1430 182 nuruum-13.
1646 144 1733 187 4⁷5

154 221 299 263 choses
317 223 422 262 80118
450 221 713 274 avertissent,
733 234 841 264 nous
870 226 896 264 A
927 225 1001 281 qui
1019 225 1051 266 il
1083 225 1276 268 incombe
1292 228 1467 281 8811018,
1487 242 1652 272 comme
1670 245 1727 277 88

156 285 317 335 Christ,
331 285 386 327 (18
397 285 542 327 imitor
561 290 604 327 81
622 287 673 327 de
693 288 809 329 vivre
828 301 930 330 avec
949 290 1010 330 les
1027 291 1247 344 pecheurs‚
1267 292 1320 333 de
1340 294 1484 335 veiller
1502 308 1575 336 sur
1601 309 1727 348 8088,

154 351 208 391 de
226 361 330 404 pour
347 350 470 404 qu'ils
488 363 543 391 ne
563 363 670 392 nous
688 354 933 395 enirainent
950 367 1044 396 vers
1061 356 1122 397 188
1153 357 1330 399 sentiers
1349 358 1406 399 du
1422 361 1581 401 monde
1613 365 1655 402 81
1673 363 1727 404 de

153 414 195 455 le
207 415 444 465 multitude,
460 427 513 455 au
534 415 619 457 lieu
637 417 690 457 de
707 430 751 458 se
770 419 916 460 1818881·
934 421 1083 462 attirer
1101 434 1177 474 par
1198 435 1304 463 nous
1324 423 1429 464 (1888
1448 424 1507 465 188
1532 426 1646 467 voies
1666 428 1725 468 du

154 478 359 531 seigneur
379 484 420 520 81
438 480 495 520 du
510 481 604 521 ciel.

204 543 479 586 Penomson.
498 568 552 575 —
571 546 800 588 Concluons
829 554 872 589 et
902 550 1043 591 disons
1065 565 1074 592 :
1098 552 1309 605 Seigneur
1326 555 1463 604 jesus,
1485 555 1610 596 faites
1635 569 1723 599 aux

150 607 342 650 hommes
360 614 467 651 cette
489 612 769 663 misericorde,
793 626 876 667 quc
904 617 964 655 188
982 616 1186 668 8881181118
1204 618 1340 659 801881
1358 621 1506 661 attin-es
1524 634 1601 675 par
1619 636 1728 666 vous

148 675 192 715 et
209 677 384 715 courent
416 678 537 728 apres
572 690 689 717 vous.
724 679 1017 721 Cherchez-les
1048 694 1155 734 pour
1186 683 1310 736 qu’ils
1341 697 1445 726 vous
1475 687 1718 738 cherchent,

13 742 62 798 'j
95 744 109 754 “
148 739 511 791 approchez-vous
540 741 664 782 ‹l’enx
697 755 802 795 pour
834 745 956 797 qu'ils
986 747 1283 801 s'approchent
1314 750 1365 790 de
1397 763 1516 792 vous,
1539 754 1725 796 Recevez

146 803 206 844 les
238 805 454 857 pecheurS‚
489 808 652 859 malgre
685 812 778 849 tous
809 810 867 850 les
901 812 1184 863 grincements
1223 814 1372 867 jaloux
1405 817 1477 857 (188
1523 820 1720 870 envieux,

147 868 310 921 malgre
330 873 423 911 tous
444 872 502 911 les
524 873 851 915 fremissements
870 876 921 916 de
954 877 995 916 18
1021 879 1203 929 jalousie
1235 881 1307 920 (188
1340 882 1554 923 mechania
1575 889 1618 924 81
1648 886 1722 925 (188

147 933 335 976 demons.
370 936 486 977 Ainsi
519 938 642 978 faites
662 940 852 991 toujours
879 945 1143 984 reconnaitre
1165 957 1240 997 881·
1260 949 1354 986 1088
1373 960 1419 987 88
1439 949 1539 988 titre
1567 948 1719 990 d’hon-

144 1010 252 1039 neur
272 1014 282 1039 ε
309 1015 330 1038 «
350 1001 381 1041 Il
403 1003 533 1054 recoit
554 1004 612 1043 les
634 1005 850 1057 pecheurs.
874 1021 893 1044 8
931 1009 1112 1050 Recevez
1145 1010 1204 1050 les
1235 1012 1454 1064 888118818,
1478 1014 1563 1054 8118
1596 1015 1722 1068 (18’118

144 1069 304 1105 cessent
323 1066 453 1108 d'etre
472 1063 690 1121 pecheurs.
715 1073 895 1112 [tecevez
923 1074 979 1114 188
1000 1075 1202 1126 pecheurs
1234 1078 1306 1130 qui
1339 1079 1575 1120 8081888881
1608 1083 1721 1120 leurs

141 1127 292 1180 fantes,
315 1132 399 1172 ufin
423 1133 544 1185 qu'ils
563 1134 649 1175 s'en
671 1139 919 1178 retournent
938 1151 1037 1190 purs
1057 1145 1098 1180 et
1119 1143 1340 1193 888118818,
1362 1156 1487 1196 parce
1509 1158 1590 1197 que
1618 1159 1723 1187 vous

141 1193 203 1235 188
221 1196 426 1237 8888111188
446 1211 522 1251 par
542 1204 658 1240 votre
670 1203 894 1253 approche.
914 1205 1024 1244 Vous
1033 1217 1084 1245 ne
1094 1218 1262 1247 recevez
1272 1209 1414 1260 888188
1423 1210 1626 1263 888118818
1645 1212 1721 1264 (181

26 2169 66 2237 ᾗ
133 2183 287 2222 trahant
323 2187 369 2222 ad
407 2188 532 2224 saecuti
572 2193 607 2224 81
647 2191 900 2228 multitudinis

144 1261 395 1302 continuent
415 1265 438 1302 8
462 1264 627 1316 pecher,
652 1266 757 1306 mais
777 1280 880 1308 vous
900 1281 1069 1310 recevez
1088 1270 1148 1311 les
1168 1272 1372 1324 1188118818
1392 1275 1464 1327 qui
1491 1275 1721 1329 implorent

146 1324 239 1365 leur
257 1327 439 1378 pardon;
461 1341 514 1369 88
536 1331 647 1379 81181,
672 1344 774 1371 vous
796 1345 847 1372 88
867 1346 1034 1375 recevez
1055 1348 1130 1388 888
1155 1336 1193 1377 18
1214 1338 1357 1388 crime,
1382 1339 1487 1380 mnis
1506 1340 1546 1381 18
1577 1341 1720 1382 crimi-

145 1390 230 1441 nel,
252 1391 290 1431 18
311 1393 455 1445 888118,
478 1396 584 1434 mais
604 1396 643 1436 18
675 1397 887 1449 pecheur:
914 1415 932 1435 ιι
958 1401 1130 1442 Comme
1163 1403 1202 1442 18
1233 1403 1317 1443 cire
1349 1405 1469 1445 80818
1502 1406 1659 1447 devant
1677 1408 1720 1448 18

142 1455 228 1505 feu,
253 1458 432 1509 qu’ainsi
453 1460 512 1499 les
531 1460 733 1512 pecheurs
753 1464 956 1515 perissent
975 1465 1026 1505 (18
1045 1466 1200 1507 devant
1219 1472 1337 1509 votre
1358 1470 1462 1510 face.
1484 1470 1568 1524 (Ps.
1591 1482 1714 1523 vau,

141 1519 198 1574 3.)
215 1536 235 1557 »
259 1521 389 1570 Qu'ils
407 1525 627 1576 perissent,
652 1528 757 1567 mais
778 1528 900 1580 qu'ils
931 1530 1136 1582 perissent
1167 1532 1266 1572 bien
1299 1538 1342 1574 81
1373 1535 1715 1587 11881888881881,

140 1586 256 1626 selon
277 1600 357 1640 que
379 1589 416 1628 18
443 1590 572 1641 peche
597 1592 706 1643 perit
726 1597 768 1632 et
788 1605 870 1645 que
890 1595 1001 1634 leurs
1021 1597 1136 1636 88188
1149 1609 1191 1637 88
1213 1599 1387 1639 fondent
1408 1600 1564 1641 devant
1585 1603 1623 1643 18
1643 1602 1716 1642 feu

139 1650 251 1692 (1818
272 1654 514 1694 contrition.
538 1657 682 1703 Quand
699 1655 754 1697 *ils
774 1664 925 1699 auront
943 1661 1048 1700 ainsi
1067 1662 1156 1714 peri
1178 1675 1339 1704 comme
1361 1666 1577 1718 pecheurs,
1611 1680 1715 1708 vous

137 1714 198 1756 les
229 1729 420 1759 recevrez
451 1733 615 1760 comme
649 1724 872 1774 8881181118,
895 1728 937 1764 81
968 1726 1018 1765 ils
1050 1726 1329 1769 deviendront
1355 1730 1506 1782 justes,
1528 1736 1569 1772 81
1607 1745 1712 1773 vous

138 1792 363 1834 mangerez
383 1796 484 1824 avec
503 1798 600 1834 eux,
624 1792 666 1827 et
697 1788 747 1828 ils
767 1801 811 1829 se
845 1790 1046 1831 livreront
1079 1794 1104 1832 8
1137 1794 1177 1833 18
1192 1794 1279 1846 joie
1300 1796 1355 1835 du
1378 1797 1501 1837 festin
1521 1810 1575 1838 88
1597 1802 1714 1838 voire

137 1847 349 1898 presence.
368 1848 498 1896 Qu'ils
517 1863 620 1891 vous
639 1858 807 1894 servent
825 1867 926 1896 avec
946 1869 1004 1896 un
1027 1870 1142 1898 coeur
1157 1862 1325 1909 contrit,
1345 1865 1508 1902 1888818
1528 1863 1633 1903 (1888
1653 1863 1715 1903 188

144 1989 1714 2016 ———-—-———.——

137 2090 396 2135 peccatoribus
415 2103 523 2135 agere
543 2098 578 2129 81
599 2097 827 2140 conversari)
863 2102 901 2133 ut

988 2099 1124 2146 Recipe
1169 2107 1398 2146 1›cccaioreS‚
1444 2109 1482 2140 81
1531 2106 1710 2144 desinant

135 2136 248 2174 nobis
266 2138 529 2183 advigilemus,
546 2151 593 2177 ne
614 2152 683 2178 808
699 2144 823 2189 potius
844 2145 898 2181 illi

940 2157 1019 2182 esse
1047 2154 1274 2192 peccatores,
1298 2151 1434 2197 Recipe
1466 2155 1705 2196 confitentes.

940 2198 978 2229 ut
1007 2195 1160 2232 redeant
1179 2197 1226 2232 ad
1248 2202 1282 2233 te
1303 2199 1436 2235 mundi
1458 2205 1493 2236 81
1514 2202 1704 2246 poeniten-

135 2230 249 2276 viam,
269 2243 380 2280 quam
403 2245 471 2271 nos
490 2236 535 2271 ad
557 2237 654 2273 viam
685 2238 833 2275 Domini
865 2246 900 2276 et
940 2245 1008 2285 tes,
1047 2243 1134 2288 quia
1154 2246 1305 2290 quando
1326 2247 1380 2282 eis
1405 2250 1706 2301 appropinquas,

136 2278 222 2316 coeli
243 2290 306 2317 eos
327 2282 533 2319 trahamus.

183 2327 460 2366 concludamus
492 2335 528 2367 81
557 2332 758 2371 dicamus:
785 2336 855 2378 lta,
877 2347 898 2371 ο

139 2372 295 2411 Domine
313 2376 415 2419 lesu,
436 2377 493 2414 sa-ic
514 2389 662 2425 semper
692 2382 790 2418 hanc
810 2393 896 2419 cum

137 2419 354 2459 hominibus
391 2424 703 2473 misericordiam,
748 2435 788 2466 81
827 2436 898 2467 tra-

137 2466 274 2504 1188181·
302 2481 324 2505 8
355 2474 389 2507 18
422 2478 649 2519 peccatores,
677 2482 714 2513 81
742 2484 895 2515 currant

137 2518 220 2558 post
246 2519 313 2568 tc·;
347 2528 470 2563 quaerc
490 2530 554 2556 cos
578 2525 616 2558 81
645 2530 813 2570 quaerant
846 2531 892 2571 te,

134 2570 394 2644 ffiptmpmqua
425 2566 479 2602 eis
518 2572 554 2603 ut
593 2573 896 2619 appropinquent

217 2618 250 2645 8.

182 2655 320 2703 Recipe
355 2663 580 2706 peccatores,
619 2667 894 2708 quantumlibet

137 2702 304 2749 tingatur
341 2705 529 2752 malignus
562 2709 712 2746 animus
744 2712 891 2751 invido-

135 2759 232 2794 rum,
272 2753 547 2797 quantumlibet
584 2755 716 2794 fremat
753 2761 893 2799 invidia

133 2798 388 2844 malignorum
407 2804 442 2836 81
461 2801 689 2840 daemonum.
711 2806 764 2843 Sit
791 2818 892 2846 sem-

938 2290 1164 2327 sanctificas.
1193 2292 1247 2328 Tu
1271 2304 1348 2329 808
1370 2295 1506 2342 recipis
1529 2301 1704 2342 pcccato—

939 2347 996 2373 res
1039 2339 1165 2375 adhuc
1210 2347 1423 2386 peccantes,
1463 2343 1527 2379 sed
1567 2344 1705 2391 recipis

937 2390 1151 2430 peccatores
1173 2397 1238 2432 pro
1260 2389 1369 2425 venia
1395 2395 1608 2435 peccantes,
1632 2403 1705 2429 nec

935 2434 1039 2468 enim
1059 2434 1233 2470 criminis
1254 2442 1448 2483 susceptor
1469 2448 1523 2482 88,
1545 2440 1609 2475 sed
1632 2440 1704 2477 110-

937 2481 1065 2525 minis,
1088 2492 1166 2518 non
1187 2484 1344 2529 peccati,
1376 2485 1441 2521 sed
1475 2488 1697 2532 peccatoris.

933 2528 1036 2564 Sicut
1075 2529 1155 2565 fluit
1192 2540 1278 2566 cera
1315 2543 1337 2568 a
1374 2532 1469 2569 facie
1501 2533 1612 2580 ignis,
1649 2535 1707 2572 sic

935 2581 1089 2621 pereant
1109 2581 1325 2622 peccatores
1352 2590 1375 2615 a
1408 2580 1502 2617 facie
1530 2587 1606 2618 tua.
1630 2582 1702 2619 Pe-

934 2628 1052 2667 reunt,
1075 2625 1138 2660 sed
1162 2624 1256 2661 bene
1276 2631 1312 2663 81
1338 2627 1497 2664 feliciter
1529 2634 1700 2675 pereant,

932 2670 1022 2706 dum
1045 2672 1136 2716 perit
1158 2678 1366 2719 peccatum,
1380 2679 1418 2711 et
1437 2677 1549 2713 corde
1570 2687 1701 2713 eorum

934 2717 1133 2764 liquefiunt
1152 2731 1173 2755 a
1194 2720 1287 2758 facie
1320 2722 1419 2768 ignis
1438 2724 1699 2766 contritionis3

930 2765 1021 2801 dum
1066 2767 1121 2802 sic
1166 2768 1347 2813 perierint
1385 2775 1424 2806 ut
1468 2777 1699 2816 peccatores,

931 2813 1114 2859 suscipies
1133 2824 1197 2851 cos
1219 2821 1258 2852 ut
1278 2818 1520 2863 poenitentes,
1542 2822 1578 2854 81
1604 2817 1695 2854 fient

133 2853 201 2928 11181·
219 2849 256 2881 81
273 2853 496 2891 agnoscatur
527 2849 575 2886 ab
604 2852 781 2890 omnibus
801 2855 892 2893 titu-
926 2859 1033 2905 justi,
1054 2865 1090 2897 81
1110 2863 1357 2900 manducabis
1386 2875 1473 2901 cum
1494 2865 1563 2910 eis,
1600 2874 1696 2910 epu-

132 2942 278 2977 8810188
296 2941 443 2989 recipit.
463 2956 482 2978 ι

175 2901 194 2927 8
212 2897 282 2929 1818
302 2897 387 2930 tuus
408 2894 638 2935 honorificus
660 2909 669 2935 :
690 2911 705 2931 «
723 2900 790 2939 Hic
808 2914 893 2950 pec-
930 2906 1108 2945 labuntur
1128 2910 1168 2946 in
1186 2917 1391 2958 conspectu
1409 2917 1484 2947 tuo.
1499 2912 1700 2957 Apponant

930 2954 998 2992 tibi
1021 2965 1087 2993 cor
1117 2959 1324 2995 contritum
1344 2959 1541 2996 conditum
1572 2959 1698 3006 lacry-
