<?xml version="1.0" encoding="UTF-8"?>
<!DOCTYPE html PUBLIC "-//W3C//DTD XHTML 1.0 Transitional//EN"
    "http://www.w3.org/TR/xhtml1/DTD/xhtml1-transitional.dtd">
<html xmlns="http://www.w3.org/1999/xhtml" xml:lang="en" lang="en">
 <head>
  <title>
</title>
<meta http-equiv="Content-Type" content="text/html;charset=utf-8" />
  <meta name='ocr-system' content='tesseract 3.04.00' />
  <meta name='ocr-capabilities' content='ocr_page ocr_carea ocr_par ocr_line ocrx_word'/>
</head>
<body>
  <div class='ocr_page' id='page_1' title='image "./lerationaldespr03marc_0667.png"; bbox 0 0 1826 3164; ppageno 0'>
   <div class='ocr_carea' id='block_1_1' title="bbox 582 0 616 36">
    <p class='ocr_par' dir='ltr' id='par_1_1' title="bbox 582 0 616 36">
     <span class='ocr_line' id='line_1_1' title="bbox 582 0 607 19; baseline 0 0"><span class='ocrx_word' id='word_1_1' title='bbox 582 0 607 19; x_wconf 60' lang='grc' dir='ltr'><strong>’ἶ</strong></span> 
     </span>
     <span class='ocr_line' id='line_1_2' title="bbox 590 22 616 36; baseline 0 -3"><span class='ocrx_word' id='word_1_2' title='bbox 590 22 616 36; x_wconf 53' lang='lat' dir='ltr'><strong>-q,</strong></span> 
     </span>
    </p>
   </div>
   <div class='ocr_carea' id='block_1_2' title="bbox 0 0 766 119">
    <p class='ocr_par' dir='ltr' id='par_1_2' title="bbox 0 0 766 119">
     <span class='ocr_line' id='line_1_3' title="bbox 0 0 766 58; baseline -0.043 1"><span class='ocrx_word' id='word_1_3' title='bbox 0 0 133 58; x_wconf 48' lang='grc' dir='ltr'><strong>ἸἨῘΨΞῬ</strong></span> <span class='ocrx_word' id='word_1_4' title='bbox 168 0 212 20; x_wconf 70' lang='lat' dir='ltr'><strong>vv.</strong></span> <span class='ocrx_word' id='word_1_5' title='bbox 347 0 349 2; x_wconf 78' lang='grc'><strong>’</strong></span> <span class='ocrx_word' id='word_1_6' title='bbox 379 11 385 27; x_wconf 67' lang='grc' dir='ltr'>τ</span> <span class='ocrx_word' id='word_1_7' title='bbox 485 0 588 27; x_wconf 49' lang='lat' dir='ltr'><strong>*wc-z}</strong></span> <span class='ocrx_word' id='word_1_8' title='bbox 609 0 653 29; x_wconf 56' lang='lat' dir='ltr'><strong>rix</strong></span> <span class='ocrx_word' id='word_1_9' title='bbox 755 0 766 11; x_wconf 66' lang='grc'><em>“</em></span> 
     </span>
     <span class='ocr_line' id='line_1_4' title="bbox 4 39 559 98; baseline -0.007 -22"><span class='ocrx_word' id='word_1_10' title='bbox 4 39 61 98; x_wconf 41' lang='lat'><strong>²2⁸²]</strong></span> <span class='ocrx_word' id='word_1_11' title='bbox 162 78 163 81; x_wconf 16' lang='grc' dir='ltr'><strong>Ἴ</strong></span> <span class='ocrx_word' id='word_1_12' title='bbox 206 52 207 57; x_wconf 74' lang='grc'>’</span> <span class='ocrx_word' id='word_1_13' title='bbox 480 72 481 76; x_wconf 70' lang='grc'><strong>,</strong></span> <span class='ocrx_word' id='word_1_14' title='bbox 557 67 559 72; x_wconf 76' lang='grc'><strong>,</strong></span> 
     </span>
     <span class='ocr_line' id='line_1_5' title="bbox 4 98 18 119; baseline 0 0"><span class='ocrx_word' id='word_1_15' title='bbox 4 98 18 119; x_wconf 59' lang='lat'>5</span> 
     </span>
    </p>
   </div>
   <div class='ocr_carea' id='block_1_3' title="bbox 1556 159 1637 199">
    <p class='ocr_par' dir='ltr' id='par_1_3' title="bbox 1556 159 1637 199">
     <span class='ocr_line' id='line_1_6' title="bbox 1556 159 1637 199; baseline 0 0"><span class='ocrx_word' id='word_1_16' title='bbox 1556 159 1637 199; x_wconf 70' lang='lat'><strong>657</strong></span> 
     </span>
    </p>
   </div>
   <div class='ocr_carea' id='block_1_4' title="bbox 0 245 1640 1925">
    <p class='ocr_par' dir='ltr' id='par_1_4' title="bbox 62 245 1639 303">
     <span class='ocr_line' id='line_1_7' title="bbox 62 245 1639 303; baseline -0.004 -10"><span class='ocrx_word' id='word_1_17' title='bbox 62 251 125 293; x_wconf 82' lang='lat' dir='ltr'><strong>les</strong></span> <span class='ocrx_word' id='word_1_18' title='bbox 144 252 260 292; x_wconf 73' lang='grc'><strong>66165</strong></span> <span class='ocrx_word' id='word_1_19' title='bbox 278 251 440 302; x_wconf 66' lang='grc'><strong>16111165,</strong></span> <span class='ocrx_word' id='word_1_20' title='bbox 462 254 519 302; x_wconf 84' lang='grc'><strong>61,</strong></span> <span class='ocrx_word' id='word_1_21' title='bbox 539 262 647 303; x_wconf 87' lang='lat' dir='ltr'><strong>pour</strong></span> <span class='ocrx_word' id='word_1_22' title='bbox 664 252 911 301; x_wconf 84' lang='lat' dir='ltr'><strong>emprunter</strong></span> <span class='ocrx_word' id='word_1_23' title='bbox 929 248 990 289; x_wconf 89' lang='lat' dir='ltr'><strong>les</strong></span> <span class='ocrx_word' id='word_1_24' title='bbox 1008 247 1174 301; x_wconf 83' lang='lat' dir='ltr'><strong>paroles</strong></span> <span class='ocrx_word' id='word_1_25' title='bbox 1191 246 1245 287; x_wconf 88' lang='lat' dir='ltr'><strong>de</strong></span> <span class='ocrx_word' id='word_1_26' title='bbox 1264 245 1374 286; x_wconf 78' lang='lat' dir='ltr'><strong>saint</strong></span> <span class='ocrx_word' id='word_1_27' title='bbox 1392 247 1523 295; x_wconf 84' lang='lat' dir='ltr'><strong>Lcon,</strong></span> <span class='ocrx_word' id='word_1_28' title='bbox 1544 262 1565 284; x_wconf 88' lang='lat'>«</span> <span class='ocrx_word' id='word_1_29' title='bbox 1584 246 1639 287; x_wconf 83' lang='lat' dir='ltr'><strong>ils</strong></span> 
     </span>
    </p>

    <p class='ocr_par' dir='ltr' id='par_1_5' title="bbox 64 311 1637 369">
     <span class='ocr_line' id='line_1_8' title="bbox 64 311 1637 369; baseline -0.004 -11"><span class='ocrx_word' id='word_1_30' title='bbox 64 328 108 358; x_wconf 87' lang='lat' dir='ltr'><strong>se</strong></span> <span class='ocrx_word' id='word_1_31' title='bbox 128 317 303 369; x_wconf 74' lang='lat' dir='ltr'><strong>glissent</strong></span> <span class='ocrx_word' id='word_1_32' title='bbox 330 315 623 356; x_wconf 88' lang='lat' dir='ltr'><strong>humblement</strong></span> <span class='ocrx_word' id='word_1_33' title='bbox 652 325 815 354; x_wconf 87' lang='lat' dir='ltr'><strong>comme</strong></span> <span class='ocrx_word' id='word_1_34' title='bbox 846 313 918 353; x_wconf 89' lang='lat' dir='ltr'><strong>des</strong></span> <span class='ocrx_word' id='word_1_35' title='bbox 937 315 1142 365; x_wconf 87' lang='lat' dir='ltr'><strong>serpents,</strong></span> <span class='ocrx_word' id='word_1_36' title='bbox 1163 311 1215 352; x_wconf 87' lang='lat' dir='ltr'><strong>ils</strong></span> <span class='ocrx_word' id='word_1_37' title='bbox 1239 315 1451 365; x_wconf 81' lang='lat' dir='ltr'><strong>prenneut</strong></span> <span class='ocrx_word' id='word_1_38' title='bbox 1481 311 1637 352; x_wconf 87' lang='lat' dir='ltr'><strong>donce-</strong></span> 
     </span>
    </p>

    <p class='ocr_par' dir='ltr' id='par_1_6' title="bbox 63 375 1638 430">
     <span class='ocr_line' id='line_1_9' title="bbox 63 375 1638 430; baseline -0.004 -8"><span class='ocrx_word' id='word_1_39' title='bbox 63 384 195 430; x_wconf 85' lang='lat' dir='ltr'><strong>ment,</strong></span> <span class='ocrx_word' id='word_1_40' title='bbox 212 381 263 421; x_wconf 85' lang='lat' dir='ltr'><strong>ils</strong></span> <span class='ocrx_word' id='word_1_41' title='bbox 282 381 387 421; x_wconf 85' lang='grc'><strong>11661</strong></span> <span class='ocrx_word' id='word_1_42' title='bbox 406 379 664 427; x_wconf 88' lang='lat' dir='ltr'><strong>mollemeut,</strong></span> <span class='ocrx_word' id='word_1_43' title='bbox 686 377 739 418; x_wconf 89' lang='lat' dir='ltr'><strong>ils</strong></span> <span class='ocrx_word' id='word_1_44' title='bbox 758 380 881 417; x_wconf 87' lang='lat' dir='ltr'><strong>tuent</strong></span> <span class='ocrx_word' id='word_1_45' title='bbox 912 378 1203 417; x_wconf 82' lang='lat' dir='ltr'><strong>secretement.</strong></span> <span class='ocrx_word' id='word_1_46' title='bbox 1226 391 1247 412; x_wconf 74' lang='grc' dir='ltr'><strong>ι)</strong></span> <span class='ocrx_word' id='word_1_47' title='bbox 1280 375 1386 416; x_wconf 87' lang='lat' dir='ltr'><strong>Sous</strong></span> <span class='ocrx_word' id='word_1_48' title='bbox 1419 376 1478 416; x_wconf 91' lang='lat' dir='ltr'><strong>les</strong></span> <span class='ocrx_word' id='word_1_49' title='bbox 1509 375 1638 416; x_wconf 81' lang='lat' dir='ltr'><strong>sseurs</strong></span> 
     </span>
    </p>

    <p class='ocr_par' dir='ltr' id='par_1_7' title="bbox 64 439 1636 498">
     <span class='ocr_line' id='line_1_10' title="bbox 64 439 1636 498; baseline -0.005 -11"><span class='ocrx_word' id='word_1_50' title='bbox 64 451 106 487; x_wconf 83' lang='lat' dir='ltr'><strong>et</strong></span> <span class='ocrx_word' id='word_1_51' title='bbox 126 447 167 486; x_wconf 82' lang='lat' dir='ltr'><strong>la</strong></span> <span class='ocrx_word' id='word_1_52' title='bbox 185 445 429 498; x_wconf 81' lang='lat' dir='ltr'><strong>rhetorique</strong></span> <span class='ocrx_word' id='word_1_53' title='bbox 451 444 503 484; x_wconf 86' lang='lat' dir='ltr'><strong>de</strong></span> <span class='ocrx_word' id='word_1_54' title='bbox 521 443 633 483; x_wconf 87' lang='lat' dir='ltr'><strong>leurs</strong></span> <span class='ocrx_word' id='word_1_55' title='bbox 653 442 832 495; x_wconf 80' lang='lat' dir='ltr'><strong>paroles‚</strong></span> <span class='ocrx_word' id='word_1_56' title='bbox 856 453 899 481; x_wconf 88' lang='lat' dir='ltr'><strong>se</strong></span> <span class='ocrx_word' id='word_1_57' title='bbox 920 442 1045 482; x_wconf 88' lang='lat' dir='ltr'><strong>cache</strong></span> <span class='ocrx_word' id='word_1_58' title='bbox 1066 454 1112 481; x_wconf 87' lang='lat' dir='ltr'><strong>ce</strong></span> <span class='ocrx_word' id='word_1_59' title='bbox 1133 441 1258 481; x_wconf 89' lang='lat' dir='ltr'><strong>venin</strong></span> <span class='ocrx_word' id='word_1_60' title='bbox 1286 440 1338 481; x_wconf 91' lang='lat' dir='ltr'><strong>de</strong></span> <span class='ocrx_word' id='word_1_61' title='bbox 1371 446 1541 492; x_wconf 79' lang='lat' dir='ltr'><strong>serpent</strong></span> <span class='ocrx_word' id='word_1_62' title='bbox 1561 439 1636 492; x_wconf 89' lang='lat' dir='ltr'><strong>qui</strong></span> 
     </span>
    </p>

    <p class='ocr_par' dir='ltr' id='par_1_8' title="bbox 0 505 1640 1925">
     <span class='ocr_line' id='line_1_11' title="bbox 63 505 1636 564; baseline -0.006 -12"><span class='ocrx_word' id='word_1_63' title='bbox 63 512 234 564; x_wconf 78' lang='lat' dir='ltr'><strong>penetre</strong></span> <span class='ocrx_word' id='word_1_64' title='bbox 248 507 588 561; x_wconf 76' lang='lat' dir='ltr'><strong>bientotjusqu’a</strong></span> <span class='ocrx_word' id='word_1_65' title='bbox 603 506 741 547; x_wconf 67' lang='lat' dir='ltr'><strong>l&#39;ame.</strong></span> <span class='ocrx_word' id='word_1_66' title='bbox 752 507 874 548; x_wconf 73' lang='lat' dir='ltr'><strong>Voila</strong></span> <span class='ocrx_word' id='word_1_67' title='bbox 888 509 1102 546; x_wconf 83' lang='lat' dir='ltr'><strong>comment</strong></span> <span class='ocrx_word' id='word_1_68' title='bbox 1116 517 1223 545; x_wconf 84' lang='lat' dir='ltr'>ceux</span> <span class='ocrx_word' id='word_1_69' title='bbox 1237 506 1325 558; x_wconf 89' lang='lat' dir='ltr'><strong>qui,</strong></span> <span class='ocrx_word' id='word_1_70' title='bbox 1340 505 1530 544; x_wconf 83' lang='lat' dir='ltr'><strong>conduits</strong></span> <span class='ocrx_word' id='word_1_71' title='bbox 1545 505 1636 544; x_wconf 89' lang='lat' dir='ltr'><strong>uni-</strong></span> 
     </span>
     <span class='ocr_line' id='line_1_12' title="bbox 4 570 1637 629; baseline -0.003 -16"><span class='ocrx_word' id='word_1_72' title='bbox 4 611 6 613; x_wconf 78' lang='grc'><strong>,</strong></span> <span class='ocrx_word' id='word_1_73' title='bbox 63 578 265 629; x_wconf 88' lang='lat' dir='ltr'><strong>quement</strong></span> <span class='ocrx_word' id='word_1_74' title='bbox 283 586 359 627; x_wconf 82' lang='lat' dir='ltr'><strong>par</strong></span> <span class='ocrx_word' id='word_1_75' title='bbox 377 573 419 613; x_wconf 87' lang='grc'><strong>16</strong></span> <span class='ocrx_word' id='word_1_76' title='bbox 437 573 648 622; x_wconf 64' lang='grc'><strong>661105116,</strong></span> <span class='ocrx_word' id='word_1_77' title='bbox 661 572 833 612; x_wconf 89' lang='lat' dir='ltr'><strong>veulent</strong></span> <span class='ocrx_word' id='word_1_78' title='bbox 850 571 1047 624; x_wconf 86' lang='lat' dir='ltr'><strong>explorer</strong></span> <span class='ocrx_word' id='word_1_79' title='bbox 1065 582 1111 610; x_wconf 82' lang='lat' dir='ltr'><strong>ce</strong></span> <span class='ocrx_word' id='word_1_80' title='bbox 1131 583 1213 622; x_wconf 88' lang='lat' dir='ltr'><strong>que</strong></span> <span class='ocrx_word' id='word_1_81' title='bbox 1233 570 1507 610; x_wconf 79' lang='lat' dir='ltr'><strong>contiennent</strong></span> <span class='ocrx_word' id='word_1_82' title='bbox 1521 570 1637 610; x_wconf 85' lang='lat' dir='ltr'><strong>leurs</strong></span> 
     </span>
     <span class='ocr_line' id='line_1_13' title="bbox 0 635 1638 697; baseline -0.004 -16"><span class='ocrx_word' id='word_1_83' title='bbox 0 693 1 697; x_wconf 10' lang='grc' dir='ltr'><strong>Ἰ</strong></span> <span class='ocrx_word' id='word_1_84' title='bbox 64 640 203 690; x_wconf 73' lang='lat' dir='ltr'><strong>lim-es,</strong></span> <span class='ocrx_word' id='word_1_85' title='bbox 225 642 320 679; x_wconf 88' lang='lat' dir='ltr'><strong>sont</strong></span> <span class='ocrx_word' id='word_1_86' title='bbox 346 637 588 679; x_wconf 79' lang='lat' dir='ltr'><strong>facilement</strong></span> <span class='ocrx_word' id='word_1_87' title='bbox 617 637 787 678; x_wconf 82' lang='grc'><strong>61161615</strong></span> <span class='ocrx_word' id='word_1_88' title='bbox 817 636 869 677; x_wconf 82' lang='grc'><strong>(16</strong></span> <span class='ocrx_word' id='word_1_89' title='bbox 901 635 942 676; x_wconf 84' lang='grc'><strong>16</strong></span> <span class='ocrx_word' id='word_1_90' title='bbox 973 635 1221 686; x_wconf 68' lang='grc'><strong>6011168106,</strong></span> <span class='ocrx_word' id='word_1_91' title='bbox 1243 635 1492 675; x_wconf 78' lang='lat' dir='ltr'>semblables</span> <span class='ocrx_word' id='word_1_92' title='bbox 1529 636 1555 675; x_wconf 78' lang='grc'><strong>6</strong></span> <span class='ocrx_word' id='word_1_93' title='bbox 1590 646 1638 674; x_wconf 87' lang='grc'><strong>66</strong></span> 
     </span>
     <span class='ocr_line' id='line_1_14' title="bbox 0 698 1640 757; baseline -0.004 -11"><span class='ocrx_word' id='word_1_94' title='bbox 0 702 1 750; x_wconf 63' lang='grc' dir='ltr'><em>ἔ</em></span> <span class='ocrx_word' id='word_1_95' title='bbox 64 705 237 746; x_wconf 84' lang='lat' dir='ltr'><strong>curieux</strong></span> <span class='ocrx_word' id='word_1_96' title='bbox 257 704 331 757; x_wconf 91' lang='lat' dir='ltr'><strong>qui</strong></span> <span class='ocrx_word' id='word_1_97' title='bbox 350 704 433 756; x_wconf 87' lang='lat' dir='ltr'><strong>prit</strong></span> <span class='ocrx_word' id='word_1_98' title='bbox 453 703 503 743; x_wconf 89' lang='lat' dir='ltr'><strong>de</strong></span> <span class='ocrx_word' id='word_1_99' title='bbox 523 702 706 751; x_wconf 85' lang='lat' dir='ltr'><strong>l&#39;aconit‚</strong></span> <span class='ocrx_word' id='word_1_100' title='bbox 727 714 835 755; x_wconf 87' lang='lat' dir='ltr'><strong>pour</strong></span> <span class='ocrx_word' id='word_1_101' title='bbox 854 713 906 740; x_wconf 90' lang='lat' dir='ltr'><strong>en</strong></span> <span class='ocrx_word' id='word_1_102' title='bbox 928 700 1145 741; x_wconf 80' lang='lat' dir='ltr'><strong>conneitre</strong></span> <span class='ocrx_word' id='word_1_103' title='bbox 1177 698 1219 738; x_wconf 80' lang='lat' dir='ltr'><strong>la</strong></span> <span class='ocrx_word' id='word_1_104' title='bbox 1251 706 1386 739; x_wconf 78' lang='lat' dir='ltr'><strong>vei-tu.</strong></span> <span class='ocrx_word' id='word_1_105' title='bbox 1417 700 1447 740; x_wconf 96' lang='lat' dir='ltr'><strong>ll</strong></span> <span class='ocrx_word' id='word_1_106' title='bbox 1479 703 1640 740; x_wconf 84' lang='lat' dir='ltr'><strong>connut</strong></span> 
     </span>
     <span class='ocr_line' id='line_1_15' title="bbox 64 765 1640 822; baseline -0.004 -11"><span class='ocrx_word' id='word_1_107' title='bbox 64 772 172 811; x_wconf 85' lang='lat' dir='ltr'><strong>cette</strong></span> <span class='ocrx_word' id='word_1_108' title='bbox 191 774 326 820; x_wconf 79' lang='lat' dir='ltr'><strong>verm,</strong></span> <span class='ocrx_word' id='word_1_109' title='bbox 350 769 505 822; x_wconf 79' lang='lat' dir='ltr'><strong>quand,</strong></span> <span class='ocrx_word' id='word_1_110' title='bbox 530 769 652 820; x_wconf 80' lang='lat' dir='ltr'><strong>apres</strong></span> <span class='ocrx_word' id='word_1_111' title='bbox 676 768 792 807; x_wconf 80' lang='lat' dir='ltr'><strong>avoir</strong></span> <span class='ocrx_word' id='word_1_112' title='bbox 813 766 898 820; x_wconf 86' lang='lat' dir='ltr'><strong>pris</strong></span> <span class='ocrx_word' id='word_1_113' title='bbox 917 765 1101 814; x_wconf 87' lang='grc'><strong>1’660611,</strong></span> <span class='ocrx_word' id='word_1_114' title='bbox 1124 765 1153 804; x_wconf 86' lang='grc'><strong>11</strong></span> <span class='ocrx_word' id='word_1_115' title='bbox 1186 776 1229 804; x_wconf 87' lang='grc'><strong>56</strong></span> <span class='ocrx_word' id='word_1_116' title='bbox 1261 765 1326 804; x_wconf 76' lang='lat' dir='ltr'><strong>stit</strong></span> <span class='ocrx_word' id='word_1_117' title='bbox 1358 767 1534 816; x_wconf 78' lang='lat' dir='ltr'><strong>procui-e</strong></span> <span class='ocrx_word' id='word_1_118' title='bbox 1556 777 1640 806; x_wconf 88' lang='lat' dir='ltr'><strong>une</strong></span> 
     </span>
     <span class='ocr_line' id='line_1_16' title="bbox 64 829 1640 882; baseline -0.003 -8"><span class='ocrx_word' id='word_1_119' title='bbox 64 838 176 875; x_wconf 88' lang='lat' dir='ltr'><strong>mort</strong></span> <span class='ocrx_word' id='word_1_120' title='bbox 195 834 345 874; x_wconf 84' lang='lat' dir='ltr'><strong>subite.</strong></span> <span class='ocrx_word' id='word_1_121' title='bbox 366 834 419 873; x_wconf 91' lang='grc'><strong>115</strong></span> <span class='ocrx_word' id='word_1_122' title='bbox 438 836 534 873; x_wconf 87' lang='grc'><strong>5061</strong></span> <span class='ocrx_word' id='word_1_123' title='bbox 552 845 701 872; x_wconf 80' lang='lat' dir='ltr'>encore</span> <span class='ocrx_word' id='word_1_124' title='bbox 723 831 973 871; x_wconf 81' lang='lat' dir='ltr'><strong>semblables</strong></span> <span class='ocrx_word' id='word_1_125' title='bbox 1006 832 1031 870; x_wconf 73' lang='lat' dir='ltr'><strong>a</strong></span> <span class='ocrx_word' id='word_1_126' title='bbox 1062 842 1166 870; x_wconf 84' lang='lat' dir='ltr'><strong>ceux</strong></span> <span class='ocrx_word' id='word_1_127' title='bbox 1199 829 1271 882; x_wconf 89' lang='lat' dir='ltr'><strong>qui</strong></span> <span class='ocrx_word' id='word_1_128' title='bbox 1303 835 1462 880; x_wconf 75' lang='lat' dir='ltr'><strong>nagent</strong></span> <span class='ocrx_word' id='word_1_129' title='bbox 1494 842 1566 868; x_wconf 91' lang='lat' dir='ltr'><strong>sur</strong></span> <span class='ocrx_word' id='word_1_130' title='bbox 1599 830 1640 869; x_wconf 78' lang='lat' dir='ltr'><strong>la</strong></span> 
     </span>
     <span class='ocr_line' id='line_1_17' title="bbox 66 895 1639 953; baseline -0.004 -13"><span class='ocrx_word' id='word_1_131' title='bbox 66 901 207 953; x_wconf 81' lang='lat' dir='ltr'><strong>greve,</strong></span> <span class='ocrx_word' id='word_1_132' title='bbox 230 910 392 939; x_wconf 91' lang='lat' dir='ltr'><strong>comme</strong></span> <span class='ocrx_word' id='word_1_133' title='bbox 411 910 517 951; x_wconf 86' lang='lat' dir='ltr'><strong>pour</strong></span> <span class='ocrx_word' id='word_1_134' title='bbox 547 898 763 946; x_wconf 81' lang='lat' dir='ltr'><strong>s&#39;amuser‚</strong></span> <span class='ocrx_word' id='word_1_135' title='bbox 786 900 828 936; x_wconf 90' lang='lat' dir='ltr'><strong>et</strong></span> <span class='ocrx_word' id='word_1_136' title='bbox 859 897 948 948; x_wconf 87' lang='lat' dir='ltr'><strong>qui,</strong></span> <span class='ocrx_word' id='word_1_137' title='bbox 976 895 1153 943; x_wconf 80' lang='lat' dir='ltr'><strong>bientot,</strong></span> <span class='ocrx_word' id='word_1_138' title='bbox 1171 907 1223 935; x_wconf 86' lang='lat' dir='ltr'><strong>au</strong></span> <span class='ocrx_word' id='word_1_139' title='bbox 1247 899 1436 935; x_wconf 81' lang='lat' dir='ltr'><strong>moment</strong></span> <span class='ocrx_word' id='word_1_140' title='bbox 1457 896 1511 933; x_wconf 80' lang='grc'><strong>06</strong></span> <span class='ocrx_word' id='word_1_141' title='bbox 1541 895 1591 934; x_wconf 89' lang='grc'><strong>115</strong></span> <span class='ocrx_word' id='word_1_142' title='bbox 1610 907 1639 946; x_wconf 85' lang='lat' dir='ltr'>y</span> 
     </span>
     <span class='ocr_line' id='line_1_18' title="bbox 62 958 1634 1018; baseline -0.005 -13"><span class='ocrx_word' id='word_1_143' title='bbox 62 968 242 1018; x_wconf 85' lang='lat' dir='ltr'><strong>pensent</strong></span> <span class='ocrx_word' id='word_1_144' title='bbox 272 965 311 1017; x_wconf 88' lang='lat' dir='ltr'><strong>le</strong></span> <span class='ocrx_word' id='word_1_145' title='bbox 341 964 491 1012; x_wconf 88' lang='lat' dir='ltr'><strong>moins,</strong></span> <span class='ocrx_word' id='word_1_146' title='bbox 515 966 609 1002; x_wconf 88' lang='lat' dir='ltr'><strong>sont</strong></span> <span class='ocrx_word' id='word_1_147' title='bbox 640 962 891 1014; x_wconf 82' lang='lat' dir='ltr'><strong>enveloppes</strong></span> <span class='ocrx_word' id='word_1_148' title='bbox 924 973 999 1013; x_wconf 79' lang='lat' dir='ltr'><strong>par</strong></span> <span class='ocrx_word' id='word_1_149' title='bbox 1030 960 1090 1000; x_wconf 89' lang='lat' dir='ltr'><strong>les</strong></span> <span class='ocrx_word' id='word_1_150' title='bbox 1123 960 1233 1000; x_wconf 88' lang='lat' dir='ltr'><strong>ssots.</strong></span> <span class='ocrx_word' id='word_1_151' title='bbox 1267 959 1398 1004; x_wconf 82' lang='lat' dir='ltr'><strong>Ainsi,</strong></span> <span class='ocrx_word' id='word_1_152' title='bbox 1422 971 1527 998; x_wconf 83' lang='lat' dir='ltr'><strong>ceux</strong></span> <span class='ocrx_word' id='word_1_153' title='bbox 1560 958 1634 1011; x_wconf 83' lang='lat' dir='ltr'><strong>qui</strong></span> 
     </span>
     <span class='ocr_line' id='line_1_19' title="bbox 64 1025 1638 1078; baseline -0.005 -8"><span class='ocrx_word' id='word_1_154' title='bbox 64 1030 288 1070; x_wconf 80' lang='lat' dir='ltr'><strong>s’amuseut</strong></span> <span class='ocrx_word' id='word_1_155' title='bbox 308 1030 333 1068; x_wconf 77' lang='grc' dir='ltr'><strong>ἐι</strong></span> <span class='ocrx_word' id='word_1_156' title='bbox 353 1029 430 1068; x_wconf 89' lang='lat' dir='ltr'><strong>lire</strong></span> <span class='ocrx_word' id='word_1_157' title='bbox 449 1027 508 1068; x_wconf 89' lang='lat' dir='ltr'><strong>les</strong></span> <span class='ocrx_word' id='word_1_158' title='bbox 528 1027 651 1067; x_wconf 89' lang='lat' dir='ltr'><strong>livres</strong></span> <span class='ocrx_word' id='word_1_159' title='bbox 671 1027 742 1066; x_wconf 91' lang='lat' dir='ltr'><strong>des</strong></span> <span class='ocrx_word' id='word_1_160' title='bbox 761 1026 1003 1078; x_wconf 83' lang='lat' dir='ltr'><strong>heretiques</strong></span> <span class='ocrx_word' id='word_1_161' title='bbox 1022 1029 1117 1064; x_wconf 89' lang='lat' dir='ltr'><strong>sont</strong></span> <span class='ocrx_word' id='word_1_162' title='bbox 1138 1025 1352 1065; x_wconf 78' lang='lat' dir='ltr'><strong>eutr-aines</strong></span> <span class='ocrx_word' id='word_1_163' title='bbox 1377 1027 1553 1064; x_wconf 87' lang='lat' dir='ltr'><strong>souvent</strong></span> <span class='ocrx_word' id='word_1_164' title='bbox 1584 1036 1638 1063; x_wconf 86' lang='lat' dir='ltr'><strong>en</strong></span> 
     </span>
     <span class='ocr_line' id='line_1_20' title="bbox 64 1090 1638 1148; baseline -0.004 -14"><span class='ocrx_word' id='word_1_165' title='bbox 64 1094 115 1135; x_wconf 85' lang='lat' dir='ltr'><strong>de</strong></span> <span class='ocrx_word' id='word_1_166' title='bbox 133 1093 360 1148; x_wconf 87' lang='lat' dir='ltr'><strong>profondes</strong></span> <span class='ocrx_word' id='word_1_167' title='bbox 379 1105 560 1142; x_wconf 81' lang='lat' dir='ltr'><strong>erreurS‚</strong></span> <span class='ocrx_word' id='word_1_168' title='bbox 583 1104 707 1145; x_wconf 81' lang='lat' dir='ltr'><strong>parce</strong></span> <span class='ocrx_word' id='word_1_169' title='bbox 728 1091 851 1144; x_wconf 91' lang='lat' dir='ltr'><strong>qu&#39;ils</strong></span> <span class='ocrx_word' id='word_1_170' title='bbox 870 1104 912 1130; x_wconf 90' lang='lat' dir='ltr'><strong>se</strong></span> <span class='ocrx_word' id='word_1_171' title='bbox 933 1094 1028 1130; x_wconf 89' lang='lat' dir='ltr'><strong>sont</strong></span> <span class='ocrx_word' id='word_1_172' title='bbox 1048 1091 1223 1143; x_wconf 81' lang='lat' dir='ltr'><strong>exposes</strong></span> <span class='ocrx_word' id='word_1_173' title='bbox 1243 1102 1296 1129; x_wconf 86' lang='lat' dir='ltr'><strong>au</strong></span> <span class='ocrx_word' id='word_1_174' title='bbox 1325 1090 1489 1141; x_wconf 84' lang='lat' dir='ltr'><strong>danger</strong></span> <span class='ocrx_word' id='word_1_175' title='bbox 1522 1092 1563 1128; x_wconf 88' lang='lat' dir='ltr'><strong>et</strong></span> <span class='ocrx_word' id='word_1_176' title='bbox 1582 1101 1638 1128; x_wconf 87' lang='lat' dir='ltr'><strong>au</strong></span> 
     </span>
     <span class='ocr_line' id='line_1_21' title="bbox 64 1154 1638 1210; baseline -0.003 -12"><span class='ocrx_word' id='word_1_177' title='bbox 64 1164 164 1200; x_wconf 88' lang='lat' dir='ltr'><strong>vent</strong></span> <span class='ocrx_word' id='word_1_178' title='bbox 183 1159 234 1199; x_wconf 90' lang='lat' dir='ltr'><strong>de</strong></span> <span class='ocrx_word' id='word_1_179' title='bbox 252 1159 294 1198; x_wconf 88' lang='grc'><strong>16</strong></span> <span class='ocrx_word' id='word_1_180' title='bbox 311 1159 469 1198; x_wconf 79' lang='lat' dir='ltr'><strong>venite.</strong></span> <span class='ocrx_word' id='word_1_181' title='bbox 492 1157 598 1198; x_wconf 79' lang='lat' dir='ltr'><strong>G&#39;est</strong></span> <span class='ocrx_word' id='word_1_182' title='bbox 611 1170 656 1197; x_wconf 91' lang='lat' dir='ltr'><strong>ce</strong></span> <span class='ocrx_word' id='word_1_183' title='bbox 677 1169 758 1210; x_wconf 88' lang='lat' dir='ltr'><strong>que</strong></span> <span class='ocrx_word' id='word_1_184' title='bbox 778 1157 1057 1209; x_wconf 83' lang='lat' dir='ltr'><strong>l&#39;experience</strong></span> <span class='ocrx_word' id='word_1_185' title='bbox 1073 1168 1179 1195; x_wconf 86' lang='lat' dir='ltr'><strong>nous</strong></span> <span class='ocrx_word' id='word_1_186' title='bbox 1194 1168 1218 1194; x_wconf 89' lang='lat' dir='ltr'><strong>a</strong></span> <span class='ocrx_word' id='word_1_187' title='bbox 1232 1155 1388 1207; x_wconf 77' lang='lat' dir='ltr'><strong>appi-is.</strong></span> <span class='ocrx_word' id='word_1_188' title='bbox 1406 1157 1465 1194; x_wconf 78' lang='lat' dir='ltr'><strong>La</strong></span> <span class='ocrx_word' id='word_1_189' title='bbox 1478 1154 1638 1205; x_wconf 83' lang='lat' dir='ltr'><strong>langue</strong></span> 
     </span>
     <span class='ocr_line' id='line_1_22' title="bbox 64 1219 1638 1277; baseline -0.004 -12"><span class='ocrx_word' id='word_1_190' title='bbox 64 1228 106 1266; x_wconf 84' lang='lat' dir='ltr'><strong>et</strong></span> <span class='ocrx_word' id='word_1_191' title='bbox 135 1225 177 1265; x_wconf 82' lang='lat' dir='ltr'><strong>la</strong></span> <span class='ocrx_word' id='word_1_192' title='bbox 207 1225 349 1277; x_wconf 87' lang='lat' dir='ltr'><strong>plume</strong></span> <span class='ocrx_word' id='word_1_193' title='bbox 382 1224 455 1263; x_wconf 89' lang='lat' dir='ltr'><strong>des</strong></span> <span class='ocrx_word' id='word_1_194' title='bbox 486 1223 740 1274; x_wconf 66' lang='grc'><strong>661-6116665,</strong></span> <span class='ocrx_word' id='word_1_195' title='bbox 763 1221 875 1261; x_wconf 87' lang='lat' dir='ltr'><strong>leurs</strong></span> <span class='ocrx_word' id='word_1_196' title='bbox 907 1221 1094 1260; x_wconf 82' lang='lat' dir='ltr'>discours</span> <span class='ocrx_word' id='word_1_197' title='bbox 1124 1223 1166 1260; x_wconf 87' lang='lat' dir='ltr'><strong>et</strong></span> <span class='ocrx_word' id='word_1_198' title='bbox 1198 1219 1310 1259; x_wconf 86' lang='lat' dir='ltr'><strong>leurs</strong></span> <span class='ocrx_word' id='word_1_199' title='bbox 1344 1219 1469 1258; x_wconf 89' lang='lat' dir='ltr'><strong>livres</strong></span> <span class='ocrx_word' id='word_1_200' title='bbox 1489 1219 1638 1259; x_wconf 82' lang='lat' dir='ltr'><strong>suntsi</strong></span> 
     </span>
     <span class='ocr_line' id='line_1_23' title="bbox 65 1284 1636 1341; baseline -0.005 -11"><span class='ocrx_word' id='word_1_201' title='bbox 65 1290 162 1331; x_wconf 88' lang='lat' dir='ltr'><strong>hieu</strong></span> <span class='ocrx_word' id='word_1_202' title='bbox 183 1290 281 1330; x_wconf 80' lang='lat' dir='ltr'><strong>faits</strong></span> <span class='ocrx_word' id='word_1_203' title='bbox 301 1301 407 1341; x_wconf 83' lang='lat' dir='ltr'><strong>pour</strong></span> <span class='ocrx_word' id='word_1_204' title='bbox 427 1291 695 1327; x_wconf 86' lang='lat' dir='ltr'><strong>transmettre</strong></span> <span class='ocrx_word' id='word_1_205' title='bbox 715 1287 754 1326; x_wconf 90' lang='lat' dir='ltr'><strong>le</strong></span> <span class='ocrx_word' id='word_1_206' title='bbox 773 1287 916 1336; x_wconf 86' lang='lat' dir='ltr'><strong>venin,</strong></span> <span class='ocrx_word' id='word_1_207' title='bbox 946 1298 1027 1338; x_wconf 90' lang='lat' dir='ltr'><strong>que</strong></span> <span class='ocrx_word' id='word_1_208' title='bbox 1054 1285 1112 1325; x_wconf 82' lang='lat' dir='ltr'><strong>les</strong></span> <span class='ocrx_word' id='word_1_209' title='bbox 1145 1287 1285 1333; x_wconf 80' lang='lat' dir='ltr'><strong>Peres,</strong></span> <span class='ocrx_word' id='word_1_210' title='bbox 1309 1285 1418 1323; x_wconf 84' lang='lat' dir='ltr'><strong>saint</strong></span> <span class='ocrx_word' id='word_1_211' title='bbox 1439 1284 1636 1335; x_wconf 82' lang='lat' dir='ltr'><strong>Cyprien,</strong></span> 
     </span>
     <span class='ocr_line' id='line_1_24' title="bbox 65 1349 1638 1406; baseline -0.005 -11"><span class='ocrx_word' id='word_1_212' title='bbox 65 1356 177 1396; x_wconf 86' lang='lat' dir='ltr'><strong>saint</strong></span> <span class='ocrx_word' id='word_1_213' title='bbox 198 1355 424 1406; x_wconf 80' lang='lat' dir='ltr'><strong>Augustin.</strong></span> <span class='ocrx_word' id='word_1_214' title='bbox 449 1354 709 1400; x_wconf 57' lang='grc'><strong>5616111606,</strong></span> <span class='ocrx_word' id='word_1_215' title='bbox 732 1356 830 1401; x_wconf 62' lang='lat' dir='ltr'><strong>etc„</strong></span> <span class='ocrx_word' id='word_1_216' title='bbox 852 1356 927 1391; x_wconf 90' lang='lat' dir='ltr'><strong>ont</strong></span> <span class='ocrx_word' id='word_1_217' title='bbox 953 1355 1149 1390; x_wconf 88' lang='lat' dir='ltr'><strong>contume</strong></span> <span class='ocrx_word' id='word_1_218' title='bbox 1181 1351 1232 1390; x_wconf 82' lang='lat' dir='ltr'><strong>de</strong></span> <span class='ocrx_word' id='word_1_219' title='bbox 1265 1350 1352 1389; x_wconf 85' lang='lat' dir='ltr'><strong>dire</strong></span> <span class='ocrx_word' id='word_1_220' title='bbox 1386 1349 1509 1402; x_wconf 79' lang='lat' dir='ltr'><strong>qu&#39;ils</strong></span> <span class='ocrx_word' id='word_1_221' title='bbox 1541 1351 1638 1388; x_wconf 89' lang='lat' dir='ltr'><strong>sont</strong></span> 
     </span>
     <span class='ocr_line' id='line_1_25' title="bbox 66 1408 1639 1470; baseline -0.005 -9"><span class='ocrx_word' id='word_1_222' title='bbox 66 1419 315 1461; x_wconf 79' lang='lat' dir='ltr'><strong>semblables</strong></span> <span class='ocrx_word' id='word_1_223' title='bbox 334 1422 358 1458; x_wconf 79' lang='grc'><strong>6</strong></span> <span class='ocrx_word' id='word_1_224' title='bbox 377 1420 418 1458; x_wconf 88' lang='lat' dir='ltr'><strong>la</strong></span> <span class='ocrx_word' id='word_1_225' title='bbox 439 1420 593 1470; x_wconf 81' lang='lat' dir='ltr'><strong>langue</strong></span> <span class='ocrx_word' id='word_1_226' title='bbox 617 1418 667 1458; x_wconf 84' lang='lat' dir='ltr'><strong>de</strong></span> <span class='ocrx_word' id='word_1_227' title='bbox 698 1430 743 1456; x_wconf 97' lang='grc'><strong>66</strong></span> <span class='ocrx_word' id='word_1_228' title='bbox 775 1420 945 1469; x_wconf 86' lang='lat' dir='ltr'><strong>serpent</strong></span> <span class='ocrx_word' id='word_1_229' title='bbox 978 1417 1050 1469; x_wconf 85' lang='lat' dir='ltr'><strong>qui</strong></span> <span class='ocrx_word' id='word_1_230' title='bbox 1084 1415 1257 1455; x_wconf 77' lang='lat' dir='ltr'><strong>seduisit</strong></span> <span class='ocrx_word' id='word_1_231' title='bbox 1288 1408 1389 1454; x_wconf 82' lang='lat' dir='ltr'><strong>Eve.</strong></span> <span class='ocrx_word' id='word_1_232' title='bbox 1414 1416 1471 1454; x_wconf 88' lang='lat' dir='ltr'><strong>De</strong></span> <span class='ocrx_word' id='word_1_233' title='bbox 1501 1416 1639 1454; x_wconf 81' lang='lat' dir='ltr'><strong>meme</strong></span> 
     </span>
     <span class='ocr_line' id='line_1_26' title="bbox 65 1481 1639 1538; baseline -0.004 -13"><span class='ocrx_word' id='word_1_234' title='bbox 65 1498 148 1538; x_wconf 84' lang='lat' dir='ltr'><strong>que</strong></span> <span class='ocrx_word' id='word_1_235' title='bbox 180 1498 226 1525; x_wconf 91' lang='lat' dir='ltr'><strong>ce</strong></span> <span class='ocrx_word' id='word_1_236' title='bbox 246 1487 410 1536; x_wconf 86' lang='lat' dir='ltr'><strong>serpent</strong></span> <span class='ocrx_word' id='word_1_237' title='bbox 431 1484 587 1536; x_wconf 84' lang='lat' dir='ltr'><strong>promit</strong></span> <span class='ocrx_word' id='word_1_238' title='bbox 606 1484 646 1522; x_wconf 86' lang='lat' dir='ltr'><strong>la</strong></span> <span class='ocrx_word' id='word_1_239' title='bbox 665 1483 826 1522; x_wconf 84' lang='lat' dir='ltr'><strong>science</strong></span> <span class='ocrx_word' id='word_1_240' title='bbox 847 1483 904 1522; x_wconf 94' lang='lat' dir='ltr'><strong>du</strong></span> <span class='ocrx_word' id='word_1_241' title='bbox 926 1482 1022 1521; x_wconf 88' lang='lat' dir='ltr'><strong>bien</strong></span> <span class='ocrx_word' id='word_1_242' title='bbox 1045 1486 1086 1521; x_wconf 91' lang='lat' dir='ltr'><strong>et</strong></span> <span class='ocrx_word' id='word_1_243' title='bbox 1112 1482 1168 1521; x_wconf 91' lang='lat' dir='ltr'><strong>du</strong></span> <span class='ocrx_word' id='word_1_244' title='bbox 1201 1481 1301 1530; x_wconf 77' lang='lat' dir='ltr'><strong>mal,</strong></span> <span class='ocrx_word' id='word_1_245' title='bbox 1324 1486 1364 1519; x_wconf 91' lang='lat' dir='ltr'><strong>et</strong></span> <span class='ocrx_word' id='word_1_246' title='bbox 1386 1492 1564 1532; x_wconf 83' lang='lat' dir='ltr'><strong>procura</strong></span> <span class='ocrx_word' id='word_1_247' title='bbox 1582 1491 1639 1519; x_wconf 85' lang='grc'><strong>66</strong></span> 
     </span>
     <span class='ocr_line' id='line_1_27' title="bbox 63 1545 1638 1598; baseline -0.004 -7"><span class='ocrx_word' id='word_1_248' title='bbox 63 1550 149 1591; x_wconf 86' lang='grc'><strong>1166</strong></span> <span class='ocrx_word' id='word_1_249' title='bbox 169 1550 219 1590; x_wconf 83' lang='grc'><strong>(16</strong></span> <span class='ocrx_word' id='word_1_250' title='bbox 240 1549 397 1589; x_wconf 86' lang='grc'><strong>5616666</strong></span> <span class='ocrx_word' id='word_1_251' title='bbox 430 1549 471 1588; x_wconf 93' lang='grc'><strong>16</strong></span> <span class='ocrx_word' id='word_1_252' title='bbox 503 1548 698 1596; x_wconf 58' lang='lat' dir='ltr'><strong>salussam,</strong></span> <span class='ocrx_word' id='word_1_253' title='bbox 722 1548 761 1587; x_wconf 90' lang='lat' dir='ltr'><strong>le</strong></span> <span class='ocrx_word' id='word_1_254' title='bbox 791 1559 1016 1598; x_wconf 81' lang='lat' dir='ltr'><strong>mensonge</strong></span> <span class='ocrx_word' id='word_1_255' title='bbox 1048 1551 1089 1586; x_wconf 89' lang='lat' dir='ltr'><strong>et</strong></span> <span class='ocrx_word' id='word_1_256' title='bbox 1120 1547 1160 1585; x_wconf 77' lang='lat' dir='ltr'><strong>la</strong></span> <span class='ocrx_word' id='word_1_257' title='bbox 1194 1549 1325 1594; x_wconf 89' lang='lat' dir='ltr'><strong>mort;</strong></span> <span class='ocrx_word' id='word_1_258' title='bbox 1349 1545 1399 1584; x_wconf 88' lang='grc'><strong>(16</strong></span> <span class='ocrx_word' id='word_1_259' title='bbox 1421 1546 1557 1584; x_wconf 73' lang='lat' dir='ltr'><strong>nieme</strong></span> <span class='ocrx_word' id='word_1_260' title='bbox 1577 1545 1638 1584; x_wconf 91' lang='lat' dir='ltr'><strong>les</strong></span> 
     </span>
     <span class='ocr_line' id='line_1_28' title="bbox 64 1609 1634 1667; baseline -0.004 -12"><span class='ocrx_word' id='word_1_261' title='bbox 64 1615 304 1667; x_wconf 79' lang='lat' dir='ltr'><strong>heretiques</strong></span> <span class='ocrx_word' id='word_1_262' title='bbox 323 1618 365 1654; x_wconf 94' lang='lat' dir='ltr'><strong>et</strong></span> <span class='ocrx_word' id='word_1_263' title='bbox 384 1613 495 1652; x_wconf 90' lang='lat' dir='ltr'><strong>leurs</strong></span> <span class='ocrx_word' id='word_1_264' title='bbox 515 1612 640 1652; x_wconf 87' lang='lat' dir='ltr'><strong>livres</strong></span> <span class='ocrx_word' id='word_1_265' title='bbox 658 1614 917 1664; x_wconf 87' lang='lat' dir='ltr'><strong>promettent</strong></span> <span class='ocrx_word' id='word_1_266' title='bbox 937 1611 978 1651; x_wconf 89' lang='grc'><strong>16</strong></span> <span class='ocrx_word' id='word_1_267' title='bbox 997 1611 1158 1650; x_wconf 87' lang='grc'><strong>5616666</strong></span> <span class='ocrx_word' id='word_1_268' title='bbox 1178 1611 1250 1650; x_wconf 87' lang='lat' dir='ltr'><strong>des</strong></span> <span class='ocrx_word' id='word_1_269' title='bbox 1286 1610 1431 1649; x_wconf 84' lang='lat' dir='ltr'><strong>choses</strong></span> <span class='ocrx_word' id='word_1_270' title='bbox 1456 1609 1634 1658; x_wconf 88' lang='lat' dir='ltr'><strong>divines,</strong></span> 
     </span>
     <span class='ocr_line' id='line_1_29' title="bbox 65 1675 1634 1726; baseline -0.004 -6"><span class='ocrx_word' id='word_1_271' title='bbox 65 1680 108 1720; x_wconf 86' lang='grc'><strong>16</strong></span> <span class='ocrx_word' id='word_1_272' title='bbox 126 1680 287 1720; x_wconf 85' lang='grc'><strong>56161166</strong></span> <span class='ocrx_word' id='word_1_273' title='bbox 307 1679 359 1718; x_wconf 82' lang='lat' dir='ltr'><strong>de</strong></span> <span class='ocrx_word' id='word_1_274' title='bbox 374 1678 591 1718; x_wconf 81' lang='lat' dir='ltr'><strong>l&#39;Ecriture</strong></span> <span class='ocrx_word' id='word_1_275' title='bbox 613 1678 770 1724; x_wconf 80' lang='lat' dir='ltr'><strong>sainte,</strong></span> <span class='ocrx_word' id='word_1_276' title='bbox 789 1676 908 1726; x_wconf 84' lang='lat' dir='ltr'><strong>mais,</strong></span> <span class='ocrx_word' id='word_1_277' title='bbox 931 1688 985 1715; x_wconf 82' lang='lat' dir='ltr'><strong>au</strong></span> <span class='ocrx_word' id='word_1_278' title='bbox 1006 1676 1088 1715; x_wconf 86' lang='grc'><strong>1166</strong></span> <span class='ocrx_word' id='word_1_279' title='bbox 1108 1676 1158 1715; x_wconf 88' lang='grc'><strong>(16</strong></span> <span class='ocrx_word' id='word_1_280' title='bbox 1179 1675 1339 1715; x_wconf 82' lang='grc'><strong>5616666</strong></span> <span class='ocrx_word' id='word_1_281' title='bbox 1358 1678 1400 1714; x_wconf 86' lang='grc'><strong>61</strong></span> <span class='ocrx_word' id='word_1_282' title='bbox 1413 1675 1464 1714; x_wconf 85' lang='grc'><strong>(16</strong></span> <span class='ocrx_word' id='word_1_283' title='bbox 1486 1675 1634 1723; x_wconf 76' lang='lat' dir='ltr'><strong>verite,</strong></span> 
     </span>
     <span class='ocr_line' id='line_1_30' title="bbox 66 1740 1638 1798; baseline -0.003 -13"><span class='ocrx_word' id='word_1_284' title='bbox 66 1744 174 1785; x_wconf 88' lang='lat' dir='ltr'><strong>celui</strong></span> <span class='ocrx_word' id='word_1_285' title='bbox 194 1744 266 1798; x_wconf 86' lang='lat' dir='ltr'><strong>qui</strong></span> <span class='ocrx_word' id='word_1_286' title='bbox 286 1756 310 1784; x_wconf 85' lang='grc'><strong>6</strong></span> <span class='ocrx_word' id='word_1_287' title='bbox 330 1743 372 1783; x_wconf 88' lang='lat' dir='ltr'><strong>la</strong></span> <span class='ocrx_word' id='word_1_288' title='bbox 390 1742 676 1796; x_wconf 78' lang='lat' dir='ltr'><strong>presomption</strong></span> <span class='ocrx_word' id='word_1_289' title='bbox 697 1742 748 1782; x_wconf 89' lang='lat' dir='ltr'><strong>de</strong></span> <span class='ocrx_word' id='word_1_290' title='bbox 769 1742 828 1781; x_wconf 90' lang='lat' dir='ltr'><strong>les</strong></span> <span class='ocrx_word' id='word_1_291' title='bbox 848 1741 925 1780; x_wconf 90' lang='lat' dir='ltr'><strong>lire</strong></span> <span class='ocrx_word' id='word_1_292' title='bbox 945 1753 997 1780; x_wconf 92' lang='lat' dir='ltr'><strong>ne</strong></span> <span class='ocrx_word' id='word_1_293' title='bbox 1018 1747 1163 1781; x_wconf 85' lang='lat' dir='ltr'><strong>trouve</strong></span> <span class='ocrx_word' id='word_1_294' title='bbox 1184 1753 1266 1792; x_wconf 89' lang='lat' dir='ltr'><strong>que</strong></span> <span class='ocrx_word' id='word_1_295' title='bbox 1295 1740 1475 1779; x_wconf 81' lang='lat' dir='ltr'><strong>faussete</strong></span> <span class='ocrx_word' id='word_1_296' title='bbox 1506 1740 1638 1792; x_wconf 82' lang='lat' dir='ltr'><strong>impie</strong></span> 
     </span>
     <span class='ocr_line' id='line_1_31' title="bbox 65 1805 1635 1862; baseline -0.004 -12"><span class='ocrx_word' id='word_1_297' title='bbox 65 1812 108 1851; x_wconf 85' lang='lat' dir='ltr'><strong>et</strong></span> <span class='ocrx_word' id='word_1_298' title='bbox 129 1821 372 1862; x_wconf 83' lang='lat' dir='ltr'><strong>mensonge‚</strong></span> <span class='ocrx_word' id='word_1_299' title='bbox 395 1812 450 1858; x_wconf 88' lang='lat' dir='ltr'><strong>et,</strong></span> <span class='ocrx_word' id='word_1_300' title='bbox 473 1808 537 1847; x_wconf 86' lang='lat' dir='ltr'><strong>s&#39;il</strong></span> <span class='ocrx_word' id='word_1_301' title='bbox 557 1807 618 1860; x_wconf 88' lang='lat' dir='ltr'><strong>s’y</strong></span> <span class='ocrx_word' id='word_1_302' title='bbox 637 1807 758 1847; x_wconf 87' lang='lat' dir='ltr'><strong>laisse</strong></span> <span class='ocrx_word' id='word_1_303' title='bbox 780 1806 960 1859; x_wconf 86' lang='lat' dir='ltr'><strong>prendre</strong></span> <span class='ocrx_word' id='word_1_304' title='bbox 981 1810 1022 1846; x_wconf 92' lang='lat' dir='ltr'><strong>et</strong></span> <span class='ocrx_word' id='word_1_305' title='bbox 1042 1806 1132 1856; x_wconf 90' lang='lat' dir='ltr'><strong>lier‚</strong></span> <span class='ocrx_word' id='word_1_306' title='bbox 1155 1806 1185 1845; x_wconf 91' lang='lat' dir='ltr'><strong>il</strong></span> <span class='ocrx_word' id='word_1_307' title='bbox 1206 1805 1298 1845; x_wconf 83' lang='lat' dir='ltr'><strong>finit</strong></span> <span class='ocrx_word' id='word_1_308' title='bbox 1319 1818 1396 1858; x_wconf 84' lang='lat' dir='ltr'><strong>par</strong></span> <span class='ocrx_word' id='word_1_309' title='bbox 1415 1817 1458 1845; x_wconf 92' lang='lat' dir='ltr'><strong>se</strong></span> <span class='ocrx_word' id='word_1_310' title='bbox 1483 1817 1635 1857; x_wconf 89' lang='lat' dir='ltr'><strong>procu-</strong></span> 
     </span>
     <span class='ocr_line' id='line_1_32' title="bbox 63 1871 1639 1925; baseline -0.003 -10"><span class='ocrx_word' id='word_1_311' title='bbox 63 1887 133 1915; x_wconf 88' lang='lat' dir='ltr'><strong>rer</strong></span> <span class='ocrx_word' id='word_1_312' title='bbox 162 1875 203 1914; x_wconf 85' lang='lat' dir='ltr'><strong>la</strong></span> <span class='ocrx_word' id='word_1_313' title='bbox 222 1877 348 1914; x_wconf 82' lang='lat' dir='ltr'><strong>mort.</strong></span> <span class='ocrx_word' id='word_1_314' title='bbox 370 1873 477 1914; x_wconf 84' lang='lat' dir='ltr'><strong>G’est</strong></span> <span class='ocrx_word' id='word_1_315' title='bbox 507 1884 553 1913; x_wconf 91' lang='grc'><strong>66</strong></span> <span class='ocrx_word' id='word_1_316' title='bbox 584 1885 667 1925; x_wconf 88' lang='lat' dir='ltr'><strong>que</strong></span> <span class='ocrx_word' id='word_1_317' title='bbox 697 1872 806 1912; x_wconf 80' lang='lat' dir='ltr'><strong>saint</strong></span> <span class='ocrx_word' id='word_1_318' title='bbox 836 1873 950 1912; x_wconf 82' lang='lat' dir='ltr'><strong>Leon</strong></span> <span class='ocrx_word' id='word_1_319' title='bbox 985 1871 1150 1911; x_wconf 81' lang='lat' dir='ltr'><strong>affirme</strong></span> <span class='ocrx_word' id='word_1_320' title='bbox 1170 1883 1223 1910; x_wconf 92' lang='grc'><strong>66</strong></span> <span class='ocrx_word' id='word_1_321' title='bbox 1242 1882 1309 1911; x_wconf 87' lang='grc'><strong>665</strong></span> <span class='ocrx_word' id='word_1_322' title='bbox 1328 1875 1508 1910; x_wconf 81' lang='lat' dir='ltr'><strong>termes:</strong></span> <span class='ocrx_word' id='word_1_323' title='bbox 1535 1886 1555 1907; x_wconf 91' lang='lat'>«</span> <span class='ocrx_word' id='word_1_324' title='bbox 1578 1871 1639 1911; x_wconf 84' lang='lat' dir='ltr'><strong>De</strong></span> 
     </span>
    </p>
   </div>
   <div class='ocr_carea' id='block_1_5' title="bbox 374 160 1329 203">
    <p class='ocr_par' dir='ltr' id='par_1_9' title="bbox 374 160 1329 203">
     <span class='ocr_line' id='line_1_33' title="bbox 374 160 1329 203; baseline -0.006 0"><span class='ocrx_word' id='word_1_325' title='bbox 374 162 574 203; x_wconf 70' lang='lat' dir='ltr'><strong>snrmlmu</strong></span> <span class='ocrx_word' id='word_1_326' title='bbox 602 170 815 202; x_wconf 65' lang='lat' dir='ltr'><strong>nmmum</strong></span> <span class='ocrx_word' id='word_1_327' title='bbox 843 160 972 201; x_wconf 67' lang='lat' dir='ltr'><strong>APRES</strong></span> <span class='ocrx_word' id='word_1_328' title='bbox 998 169 1051 200; x_wconf 70' lang='lat' dir='ltr'>u</span> <span class='ocrx_word' id='word_1_329' title='bbox 1079 167 1329 199; x_wconf 65' lang='lat' dir='ltr'><strong>tenacem.</strong></span> 
     </span>
    </p>
   </div>
   <div class='ocr_carea' id='block_1_6' title="bbox 870 2064 1640 2207">
    <p class='ocr_par' dir='ltr' id='par_1_10' title="bbox 870 2064 1640 2207">
     <span class='ocr_line' id='line_1_34' title="bbox 870 2064 1640 2112; baseline -0.004 -10"><span class='ocrx_word' id='word_1_330' title='bbox 870 2065 1123 2112; x_wconf 78' lang='lat' dir='ltr'><strong>abripiuntur,</strong></span> <span class='ocrx_word' id='word_1_331' title='bbox 1159 2065 1247 2111; x_wconf 83' lang='lat' dir='ltr'><strong>quia</strong></span> <span class='ocrx_word' id='word_1_332' title='bbox 1278 2064 1446 2110; x_wconf 88' lang='lat' dir='ltr'><strong>periculo</strong></span> <span class='ocrx_word' id='word_1_333' title='bbox 1468 2074 1507 2099; x_wconf 88' lang='grc'><strong>56</strong></span> <span class='ocrx_word' id='word_1_334' title='bbox 1537 2074 1640 2100; x_wconf 83' lang='grc'><strong>6016-</strong></span> 
     </span>
     <span class='ocr_line' id='line_1_35' title="bbox 873 2111 1640 2155; baseline -0.004 -6"><span class='ocrx_word' id='word_1_335' title='bbox 873 2114 1071 2155; x_wconf 82' lang='lat' dir='ltr'><strong>miserunt,</strong></span> <span class='ocrx_word' id='word_1_336' title='bbox 1111 2117 1146 2149; x_wconf 85' lang='grc'><strong>61</strong></span> <span class='ocrx_word' id='word_1_337' title='bbox 1185 2111 1360 2147; x_wconf 81' lang='lat' dir='ltr'><strong>vanitatis</strong></span> <span class='ocrx_word' id='word_1_338' title='bbox 1400 2116 1524 2147; x_wconf 87' lang='lat' dir='ltr'><strong>vento.</strong></span> <span class='ocrx_word' id='word_1_339' title='bbox 1562 2111 1640 2147; x_wconf 87' lang='lat' dir='ltr'><strong>lloc</strong></span> 
     </span>
     <span class='ocr_line' id='line_1_36' title="bbox 871 2158 1640 2207; baseline -0.004 -10"><span class='ocrx_word' id='word_1_340' title='bbox 871 2160 1102 2207; x_wconf 77' lang='lat' dir='ltr'><strong>experientia</strong></span> <span class='ocrx_word' id='word_1_341' title='bbox 1148 2170 1217 2195; x_wconf 92' lang='grc'><strong>605</strong></span> <span class='ocrx_word' id='word_1_342' title='bbox 1258 2159 1398 2195; x_wconf 85' lang='grc'><strong>(106611.</strong></span> <span class='ocrx_word' id='word_1_343' title='bbox 1434 2158 1640 2194; x_wconf 82' lang='lat' dir='ltr'><strong>Haeretico-</strong></span> 
     </span>
    </p>
   </div>
   <div class='ocr_carea' id='block_1_7' title="bbox 22 2067 833 2210">
    <p class='ocr_par' dir='ltr' id='par_1_11' title="bbox 22 2067 833 2210">
     <span class='ocr_line' id='line_1_37' title="bbox 64 2067 833 2114; baseline -0.008 -6"><span class='ocrx_word' id='word_1_344' title='bbox 64 2071 120 2108; x_wconf 87' lang='lat' dir='ltr'><strong>les</strong></span> <span class='ocrx_word' id='word_1_345' title='bbox 156 2069 368 2114; x_wconf 80' lang='lat' dir='ltr'><strong>involvunt,</strong></span> <span class='ocrx_word' id='word_1_346' title='bbox 407 2073 442 2104; x_wconf 89' lang='lat' dir='ltr'><strong>et</strong></span> <span class='ocrx_word' id='word_1_347' title='bbox 475 2072 514 2104; x_wconf 92' lang='lat' dir='ltr'><strong>ut</strong></span> <span class='ocrx_word' id='word_1_348' title='bbox 544 2067 670 2104; x_wconf 89' lang='lat' dir='ltr'><strong>verbis</strong></span> <span class='ocrx_word' id='word_1_349' title='bbox 713 2067 833 2102; x_wconf 86' lang='lat' dir='ltr'><strong>sancti</strong></span> 
     </span>
     <span class='ocr_line' id='line_1_38' title="bbox 22 2114 833 2163; baseline -0.01 -6"><span class='ocrx_word' id='word_1_350' title='bbox 22 2155 24 2158; x_wconf 85' lang='lat'>.</span> <span class='ocrx_word' id='word_1_351' title='bbox 65 2118 200 2155; x_wconf 86' lang='lat' dir='ltr'><strong>Leonis</strong></span> <span class='ocrx_word' id='word_1_352' title='bbox 221 2117 373 2163; x_wconf 86' lang='lat' dir='ltr'><strong>loquar:</strong></span> <span class='ocrx_word' id='word_1_353' title='bbox 396 2130 408 2148; x_wconf 66' lang='grc' dir='ltr'><strong>ιι</strong></span> <span class='ocrx_word' id='word_1_354' title='bbox 429 2116 472 2152; x_wconf 93' lang='lat' dir='ltr'><strong>Ut</strong></span> <span class='ocrx_word' id='word_1_355' title='bbox 493 2119 685 2161; x_wconf 74' lang='lat' dir='ltr'><strong>serpentes</strong></span> <span class='ocrx_word' id='word_1_356' title='bbox 712 2114 833 2150; x_wconf 89' lang='lat' dir='ltr'><strong>humi-</strong></span> 
     </span>
     <span class='ocr_line' id='line_1_39' title="bbox 65 2161 832 2210; baseline -0.008 -7"><span class='ocrx_word' id='word_1_357' title='bbox 65 2166 151 2203; x_wconf 88' lang='lat' dir='ltr'><strong>liter</strong></span> <span class='ocrx_word' id='word_1_358' title='bbox 175 2165 358 2210; x_wconf 85' lang='lat' dir='ltr'><strong>irrepunt,</strong></span> <span class='ocrx_word' id='word_1_359' title='bbox 382 2162 519 2199; x_wconf 82' lang='lat' dir='ltr'><strong>blande</strong></span> <span class='ocrx_word' id='word_1_360' title='bbox 550 2162 717 2208; x_wconf 85' lang='lat' dir='ltr'><strong>capiunt,</strong></span> <span class='ocrx_word' id='word_1_361' title='bbox 742 2161 832 2197; x_wconf 91' lang='lat' dir='ltr'><strong>mol-</strong></span> 
     </span>
    </p>
   </div>
   <div class='ocr_carea' id='block_1_8' title="bbox 0 748 28 3164">
    <p class='ocr_par' dir='ltr' id='par_1_12' title="bbox 0 748 28 3164">
     <span class='ocr_line' id='line_1_40' title="bbox 0 748 28 3164; baseline 0 0"><span class='ocrx_word' id='word_1_362' title='bbox 0 748 28 3164; x_wconf 95' lang='lat' dir='ltr'><strong> </strong></span> 
     </span>
    </p>
   </div>
   <div class='ocr_carea' id='block_1_9' title="bbox 18 2208 832 2826">
    <p class='ocr_par' dir='ltr' id='par_1_13' title="bbox 18 2208 832 2826">
     <span class='ocr_line' id='line_1_41' title="bbox 64 2208 831 2258; baseline -0.008 -8"><span class='ocrx_word' id='word_1_363' title='bbox 64 2213 150 2250; x_wconf 88' lang='lat' dir='ltr'><strong>liter</strong></span> <span class='ocrx_word' id='word_1_364' title='bbox 171 2212 300 2258; x_wconf 75' lang='lat' dir='ltr'><strong>ligant,</strong></span> <span class='ocrx_word' id='word_1_365' title='bbox 324 2212 481 2248; x_wconf 87' lang='lat' dir='ltr'><strong>latenter</strong></span> <span class='ocrx_word' id='word_1_366' title='bbox 500 2210 691 2246; x_wconf 87' lang='lat' dir='ltr'><strong>occidunt.</strong></span> <span class='ocrx_word' id='word_1_367' title='bbox 717 2224 730 2240; x_wconf 72' lang='lat'><strong>¹»</strong></span> <span class='ocrx_word' id='word_1_368' title='bbox 757 2208 831 2245; x_wconf 88' lang='lat' dir='ltr'><strong>Sub</strong></span> 
     </span>
     <span class='ocr_line' id='line_1_42' title="bbox 64 2256 831 2305; baseline -0.009 -7"><span class='ocrx_word' id='word_1_369' title='bbox 64 2259 220 2298; x_wconf 87' lang='lat' dir='ltr'><strong>floribus</strong></span> <span class='ocrx_word' id='word_1_370' title='bbox 241 2263 276 2295; x_wconf 89' lang='grc'><strong>61</strong></span> <span class='ocrx_word' id='word_1_371' title='bbox 295 2258 509 2305; x_wconf 83' lang='lat' dir='ltr'><strong>eloquentia</strong></span> <span class='ocrx_word' id='word_1_372' title='bbox 524 2256 722 2293; x_wconf 81' lang='lat' dir='ltr'><strong>verborum</strong></span> <span class='ocrx_word' id='word_1_373' title='bbox 744 2256 831 2292; x_wconf 86' lang='lat' dir='ltr'><strong>latet</strong></span> 
     </span>
     <span class='ocr_line' id='line_1_43' title="bbox 65 2304 830 2355; baseline -0.008 -10"><span class='ocrx_word' id='word_1_374' title='bbox 65 2307 325 2355; x_wconf 75' lang='lat' dir='ltr'><strong>serpentinum</strong></span> <span class='ocrx_word' id='word_1_375' title='bbox 347 2306 418 2342; x_wconf 90' lang='lat' dir='ltr'><strong>hoc</strong></span> <span class='ocrx_word' id='word_1_376' title='bbox 438 2315 641 2350; x_wconf 81' lang='lat' dir='ltr'><strong>vencnum,</strong></span> <span class='ocrx_word' id='word_1_377' title='bbox 665 2315 750 2340; x_wconf 86' lang='lat' dir='ltr'><strong>mox</strong></span> <span class='ocrx_word' id='word_1_378' title='bbox 768 2304 830 2340; x_wconf 91' lang='lat' dir='ltr'><strong>in-</strong></span> 
     </span>
     <span class='ocr_line' id='line_1_44' title="bbox 65 2351 831 2397; baseline -0.008 -5"><span class='ocrx_word' id='word_1_379' title='bbox 65 2358 186 2392; x_wconf 82' lang='lat' dir='ltr'><strong>fluens</strong></span> <span class='ocrx_word' id='word_1_380' title='bbox 206 2355 245 2391; x_wconf 90' lang='lat' dir='ltr'><strong>in</strong></span> <span class='ocrx_word' id='word_1_381' title='bbox 265 2354 449 2391; x_wconf 78' lang='lat' dir='ltr'><strong>animum.</strong></span> <span class='ocrx_word' id='word_1_382' title='bbox 473 2353 532 2389; x_wconf 92' lang='lat' dir='ltr'><strong>Sic</strong></span> <span class='ocrx_word' id='word_1_383' title='bbox 554 2352 606 2397; x_wconf 83' lang='lat' dir='ltr'><strong>tit,</strong></span> <span class='ocrx_word' id='word_1_384' title='bbox 631 2356 670 2388; x_wconf 88' lang='lat' dir='ltr'><strong>ut</strong></span> <span class='ocrx_word' id='word_1_385' title='bbox 690 2352 753 2397; x_wconf 85' lang='lat' dir='ltr'><strong>qui</strong></span> <span class='ocrx_word' id='word_1_386' title='bbox 774 2351 831 2387; x_wconf 83' lang='lat' dir='ltr'><strong>vel</strong></span> 
     </span>
     <span class='ocr_line' id='line_1_45' title="bbox 18 2399 829 2446; baseline -0.007 -6"><span class='ocrx_word' id='word_1_387' title='bbox 18 2403 19 2409; x_wconf 76' lang='grc'>’</span> <span class='ocrx_word' id='word_1_388' title='bbox 65 2403 145 2439; x_wconf 87' lang='grc'><strong>5016</strong></span> <span class='ocrx_word' id='word_1_389' title='bbox 170 2402 386 2439; x_wconf 80' lang='lat' dir='ltr'><strong>curiositate</strong></span> <span class='ocrx_word' id='word_1_390' title='bbox 415 2400 516 2436; x_wconf 89' lang='lat' dir='ltr'><strong>ducti</strong></span> <span class='ocrx_word' id='word_1_391' title='bbox 547 2399 743 2446; x_wconf 82' lang='lat' dir='ltr'><strong>explorare</strong></span> <span class='ocrx_word' id='word_1_392' title='bbox 765 2409 829 2435; x_wconf 87' lang='lat' dir='ltr'><strong>vo-</strong></span> 
     </span>
     <span class='ocr_line' id='line_1_46' title="bbox 65 2447 828 2504; baseline -0.005 -18"><span class='ocrx_word' id='word_1_393' title='bbox 65 2450 163 2495; x_wconf 90' lang='lat' dir='ltr'><strong>lunt,</strong></span> <span class='ocrx_word' id='word_1_394' title='bbox 185 2449 273 2504; x_wconf 85' lang='lat' dir='ltr'><strong>quid</strong></span> <span class='ocrx_word' id='word_1_395' title='bbox 294 2457 424 2485; x_wconf 88' lang='lat' dir='ltr'><strong>eorum</strong></span> <span class='ocrx_word' id='word_1_396' title='bbox 445 2447 551 2483; x_wconf 89' lang='lat' dir='ltr'><strong>libris</strong></span> <span class='ocrx_word' id='word_1_397' title='bbox 577 2447 828 2491; x_wconf 87' lang='lat' dir='ltr'><strong>contineatur,</strong></span> 
     </span>
     <span class='ocr_line' id='line_1_47' title="bbox 66 2494 829 2540; baseline -0.008 -6"><span class='ocrx_word' id='word_1_398' title='bbox 66 2497 177 2534; x_wconf 78' lang='lat' dir='ltr'><strong>facile</strong></span> <span class='ocrx_word' id='word_1_399' title='bbox 195 2495 428 2539; x_wconf 72' lang='lat' dir='ltr'><strong>inficiantur,</strong></span> <span class='ocrx_word' id='word_1_400' title='bbox 449 2499 484 2530; x_wconf 91' lang='lat' dir='ltr'><strong>et</strong></span> <span class='ocrx_word' id='word_1_401' title='bbox 505 2494 648 2531; x_wconf 88' lang='lat' dir='ltr'><strong>similes</strong></span> <span class='ocrx_word' id='word_1_402' title='bbox 661 2495 738 2530; x_wconf 89' lang='grc'><strong>5161</strong></span> <span class='ocrx_word' id='word_1_403' title='bbox 751 2494 829 2540; x_wconf 88' lang='lat' dir='ltr'><strong>qui-</strong></span> 
     </span>
     <span class='ocr_line' id='line_1_48' title="bbox 65 2541 831 2587; baseline -0.007 -6"><span class='ocrx_word' id='word_1_404' title='bbox 65 2545 155 2582; x_wconf 78' lang='lat' dir='ltr'><strong>dam</strong></span> <span class='ocrx_word' id='word_1_405' title='bbox 175 2543 339 2587; x_wconf 84' lang='lat' dir='ltr'><strong>curioso,</strong></span> <span class='ocrx_word' id='word_1_406' title='bbox 361 2542 424 2587; x_wconf 87' lang='lat' dir='ltr'><strong>qui</strong></span> <span class='ocrx_word' id='word_1_407' title='bbox 456 2541 647 2578; x_wconf 82' lang='lat' dir='ltr'><strong>aconitum</strong></span> <span class='ocrx_word' id='word_1_408' title='bbox 670 2541 831 2587; x_wconf 89' lang='lat' dir='ltr'><strong>sumpsit</strong></span> 
     </span>
     <span class='ocr_line' id='line_1_49' title="bbox 66 2588 830 2635; baseline -0.005 -6"><span class='ocrx_word' id='word_1_409' title='bbox 66 2596 107 2629; x_wconf 90' lang='grc'><strong>61</strong></span> <span class='ocrx_word' id='word_1_410' title='bbox 127 2591 300 2628; x_wconf 88' lang='lat' dir='ltr'><strong>virtutem</strong></span> <span class='ocrx_word' id='word_1_411' title='bbox 329 2589 410 2635; x_wconf 87' lang='lat' dir='ltr'><strong>ejus</strong></span> <span class='ocrx_word' id='word_1_412' title='bbox 441 2588 669 2634; x_wconf 76' lang='lat' dir='ltr'><strong>exploraret3</strong></span> <span class='ocrx_word' id='word_1_413' title='bbox 689 2598 830 2635; x_wconf 85' lang='lat' dir='ltr'><strong>cogno-</strong></span> 
     </span>
     <span class='ocr_line' id='line_1_50' title="bbox 67 2635 832 2682; baseline -0.005 -6"><span class='ocrx_word' id='word_1_414' title='bbox 67 2639 120 2676; x_wconf 88' lang='lat' dir='ltr'><strong>vit</strong></span> <span class='ocrx_word' id='word_1_415' title='bbox 138 2642 265 2675; x_wconf 81' lang='lat' dir='ltr'><strong>autem</strong></span> <span class='ocrx_word' id='word_1_416' title='bbox 284 2646 382 2680; x_wconf 87' lang='lat' dir='ltr'><strong>eam,</strong></span> <span class='ocrx_word' id='word_1_417' title='bbox 402 2635 492 2671; x_wconf 89' lang='lat' dir='ltr'><strong>dum</strong></span> <span class='ocrx_word' id='word_1_418' title='bbox 513 2635 662 2672; x_wconf 84' lang='lat' dir='ltr'><strong>aconito</strong></span> <span class='ocrx_word' id='word_1_419' title='bbox 682 2640 832 2682; x_wconf 87' lang='lat' dir='ltr'><strong>sumpto</strong></span> 
     </span>
     <span class='ocr_line' id='line_1_51' title="bbox 66 2681 831 2724; baseline -0.007 0"><span class='ocrx_word' id='word_1_420' title='bbox 66 2690 228 2724; x_wconf 90' lang='lat' dir='ltr'><strong>mortem</strong></span> <span class='ocrx_word' id='word_1_421' title='bbox 259 2683 332 2720; x_wconf 92' lang='lat' dir='ltr'><strong>sibi</strong></span> <span class='ocrx_word' id='word_1_422' title='bbox 362 2681 545 2720; x_wconf 86' lang='lat' dir='ltr'><strong>conscivit</strong></span> <span class='ocrx_word' id='word_1_423' title='bbox 573 2682 750 2719; x_wconf 87' lang='lat' dir='ltr'><strong>subitam.</strong></span> <span class='ocrx_word' id='word_1_424' title='bbox 771 2683 831 2719; x_wconf 93' lang='lat' dir='ltr'><strong>Si-</strong></span> 
     </span>
     <span class='ocr_line' id='line_1_52' title="bbox 68 2730 832 2779; baseline -0.005 -9"><span class='ocrx_word' id='word_1_425' title='bbox 68 2733 179 2770; x_wconf 89' lang='lat' dir='ltr'><strong>miles</strong></span> <span class='ocrx_word' id='word_1_426' title='bbox 199 2741 348 2779; x_wconf 89' lang='lat' dir='ltr'><strong>quoque</strong></span> <span class='ocrx_word' id='word_1_427' title='bbox 368 2733 455 2766; x_wconf 88' lang='grc'><strong>5661</strong></span> <span class='ocrx_word' id='word_1_428' title='bbox 478 2730 536 2766; x_wconf 88' lang='grc'><strong>1115</strong></span> <span class='ocrx_word' id='word_1_429' title='bbox 555 2730 620 2775; x_wconf 89' lang='lat' dir='ltr'><strong>qui</strong></span> <span class='ocrx_word' id='word_1_430' title='bbox 642 2733 774 2766; x_wconf 85' lang='lat' dir='ltr'><strong>natant</strong></span> <span class='ocrx_word' id='word_1_431' title='bbox 792 2730 832 2766; x_wconf 91' lang='lat' dir='ltr'><strong>in</strong></span> 
     </span>
     <span class='ocr_line' id='line_1_53' title="bbox 67 2777 831 2826; baseline -0.008 -8"><span class='ocrx_word' id='word_1_432' title='bbox 67 2781 193 2818; x_wconf 88' lang='lat' dir='ltr'><strong>littore</strong></span> <span class='ocrx_word' id='word_1_433' title='bbox 223 2779 330 2826; x_wconf 81' lang='lat' dir='ltr'><strong>quasi</strong></span> <span class='ocrx_word' id='word_1_434' title='bbox 367 2777 609 2813; x_wconf 82' lang='lat' dir='ltr'><strong>recreationis</strong></span> <span class='ocrx_word' id='word_1_435' title='bbox 634 2777 766 2822; x_wconf 81' lang='lat' dir='ltr'><strong>gratia,</strong></span> <span class='ocrx_word' id='word_1_436' title='bbox 794 2781 831 2813; x_wconf 91' lang='grc'><strong>61</strong></span> 
     </span>
    </p>
   </div>
   <div class='ocr_carea' id='block_1_10' title="bbox 14 2823 836 2916">
    <p class='ocr_par' dir='ltr' id='par_1_14' title="bbox 14 2823 836 2916">
     <span class='ocr_line' id='line_1_54' title="bbox 14 2823 833 2871; baseline -0.006 -6"><span class='ocrx_word' id='word_1_437' title='bbox 14 2851 16 2859; x_wconf 44' lang='grc' dir='ltr'>ι</span> <span class='ocrx_word' id='word_1_438' title='bbox 70 2838 159 2865; x_wconf 86' lang='lat' dir='ltr'><strong>mox</strong></span> <span class='ocrx_word' id='word_1_439' title='bbox 179 2826 242 2863; x_wconf 81' lang='lat' dir='ltr'><strong>vix</strong></span> <span class='ocrx_word' id='word_1_440' title='bbox 262 2826 298 2862; x_wconf 91' lang='lat' dir='ltr'><strong>id</strong></span> <span class='ocrx_word' id='word_1_441' title='bbox 319 2825 527 2871; x_wconf 85' lang='lat' dir='ltr'><strong>cogitantes</strong></span> <span class='ocrx_word' id='word_1_442' title='bbox 546 2834 567 2859; x_wconf 83' lang='lat' dir='ltr'><strong>a</strong></span> <span class='ocrx_word' id='word_1_443' title='bbox 587 2823 764 2860; x_wconf 87' lang='lat' dir='ltr'><strong>fluctibus</strong></span> <span class='ocrx_word' id='word_1_444' title='bbox 776 2823 833 2860; x_wconf 89' lang='grc'><strong>16-</strong></span> 
     </span>
     <span class='ocr_line' id='line_1_55' title="bbox 14 2870 836 2916; baseline -0.007 -4"><span class='ocrx_word' id='word_1_445' title='bbox 14 2878 15 2881; x_wconf 76' lang='grc'>’</span> <span class='ocrx_word' id='word_1_446' title='bbox 72 2875 287 2912; x_wconf 83' lang='lat' dir='ltr'><strong>volvuntur.</strong></span> <span class='ocrx_word' id='word_1_447' title='bbox 314 2873 375 2909; x_wconf 92' lang='lat' dir='ltr'><strong>Sic</strong></span> <span class='ocrx_word' id='word_1_448' title='bbox 406 2871 509 2908; x_wconf 89' lang='lat' dir='ltr'><strong>enim</strong></span> <span class='ocrx_word' id='word_1_449' title='bbox 529 2875 565 2907; x_wconf 91' lang='lat' dir='ltr'><strong>et</strong></span> <span class='ocrx_word' id='word_1_450' title='bbox 586 2870 623 2907; x_wconf 88' lang='lat' dir='ltr'><strong>hi</strong></span> <span class='ocrx_word' id='word_1_451' title='bbox 644 2871 708 2916; x_wconf 90' lang='lat' dir='ltr'><strong>qui</strong></span> <span class='ocrx_word' id='word_1_452' title='bbox 728 2870 836 2907; x_wconf 91' lang='lat' dir='ltr'><strong>libris</strong></span> 
     </span>
    </p>
   </div>
   <div class='ocr_carea' id='block_1_11' title="bbox 16 2917 838 3022">
    <p class='ocr_par' dir='ltr' id='par_1_15' title="bbox 16 2917 838 3022">
     <span class='ocr_line' id='line_1_56' title="bbox 71 2917 837 2965; baseline -0.007 -6"><span class='ocrx_word' id='word_1_453' title='bbox 71 2921 336 2959; x_wconf 73' lang='lat' dir='ltr'><strong>haereticorum</strong></span> <span class='ocrx_word' id='word_1_454' title='bbox 366 2918 535 2965; x_wconf 84' lang='lat' dir='ltr'><strong>legendis</strong></span> <span class='ocrx_word' id='word_1_455' title='bbox 566 2917 684 2954; x_wconf 87' lang='lat' dir='ltr'><strong>animi</strong></span> <span class='ocrx_word' id='word_1_456' title='bbox 719 2917 837 2964; x_wconf 83' lang='lat' dir='ltr'><strong>gratia</strong></span> 
     </span>
     <span class='ocr_line' id='line_1_57' title="bbox 16 2965 838 3022; baseline -0.006 -15"><span class='ocrx_word' id='word_1_457' title='bbox 16 3018 17 3022; x_wconf 10' lang='grc' dir='ltr'><strong>Ἰ</strong></span> <span class='ocrx_word' id='word_1_458' title='bbox 69 2973 221 3014; x_wconf 82' lang='lat' dir='ltr'><strong>vacant,</strong></span> <span class='ocrx_word' id='word_1_459' title='bbox 241 2967 284 3005; x_wconf 90' lang='lat' dir='ltr'><strong>in</strong></span> <span class='ocrx_word' id='word_1_460' title='bbox 314 2966 412 3004; x_wconf 84' lang='lat' dir='ltr'><strong>altos</strong></span> <span class='ocrx_word' id='word_1_461' title='bbox 447 2965 663 3013; x_wconf 84' lang='lat' dir='ltr'><strong>frequenter</strong></span> <span class='ocrx_word' id='word_1_462' title='bbox 692 2974 838 3003; x_wconf 88' lang='lat' dir='ltr'><strong>errores</strong></span> 
     </span>
    </p>
   </div>
   <div class='ocr_carea' id='block_1_12' title="bbox 262 3060 312 3092">
    <p class='ocr_par' dir='ltr' id='par_1_16' title="bbox 262 3060 312 3092">
     <span class='ocr_line' id='line_1_58' title="bbox 262 3060 312 3092; baseline -0.04 0"><span class='ocrx_word' id='word_1_463' title='bbox 262 3060 312 3092; x_wconf 85' lang='lat'><strong>111</strong></span> 
     </span>
    </p>
   </div>
   <div class='ocr_carea' id='block_1_13' title="bbox 869 2206 1643 2872">
    <p class='ocr_par' dir='ltr' id='par_1_17' title="bbox 869 2206 1643 2872">
     <span class='ocr_line' id='line_1_59' title="bbox 872 2206 1637 2254; baseline -0.003 -10"><span class='ocrx_word' id='word_1_464' title='bbox 872 2218 953 2244; x_wconf 88' lang='lat' dir='ltr'><strong>rum</strong></span> <span class='ocrx_word' id='word_1_465' title='bbox 977 2208 1105 2254; x_wconf 86' lang='lat' dir='ltr'><strong>lingua</strong></span> <span class='ocrx_word' id='word_1_466' title='bbox 1124 2212 1159 2243; x_wconf 87' lang='lat' dir='ltr'><strong>et</strong></span> <span class='ocrx_word' id='word_1_467' title='bbox 1180 2206 1362 2249; x_wconf 82' lang='lat' dir='ltr'><strong>calamus,</strong></span> <span class='ocrx_word' id='word_1_468' title='bbox 1385 2216 1579 2242; x_wconf 81' lang='lat' dir='ltr'><strong>sermones</strong></span> <span class='ocrx_word' id='word_1_469' title='bbox 1600 2210 1637 2242; x_wconf 87' lang='lat' dir='ltr'><strong>et</strong></span> 
     </span>
     <span class='ocr_line' id='line_1_60' title="bbox 871 2253 1639 2299; baseline -0.004 -7"><span class='ocrx_word' id='word_1_470' title='bbox 871 2255 971 2299; x_wconf 90' lang='lat' dir='ltr'><strong>libri,</strong></span> <span class='ocrx_word' id='word_1_471' title='bbox 1012 2255 1061 2291; x_wconf 83' lang='lat' dir='ltr'><strong>ita</strong></span> <span class='ocrx_word' id='word_1_472' title='bbox 1099 2265 1288 2290; x_wconf 82' lang='lat' dir='ltr'><strong>venenum</strong></span> <span class='ocrx_word' id='word_1_473' title='bbox 1327 2254 1521 2290; x_wconf 80' lang='lat' dir='ltr'><strong>traducere</strong></span> <span class='ocrx_word' id='word_1_474' title='bbox 1558 2253 1639 2289; x_wconf 86' lang='lat' dir='ltr'><strong>nati</strong></span> 
     </span>
     <span class='ocr_line' id='line_1_61' title="bbox 870 2301 1635 2347; baseline -0.004 -8"><span class='ocrx_word' id='word_1_475' title='bbox 870 2308 972 2346; x_wconf 89' lang='lat' dir='ltr'><strong>sunt,</strong></span> <span class='ocrx_word' id='word_1_476' title='bbox 1006 2308 1046 2338; x_wconf 91' lang='grc'><strong>61</strong></span> <span class='ocrx_word' id='word_1_477' title='bbox 1082 2302 1209 2338; x_wconf 86' lang='lat' dir='ltr'><strong>Sancti</strong></span> <span class='ocrx_word' id='word_1_478' title='bbox 1250 2302 1374 2337; x_wconf 85' lang='lat' dir='ltr'><strong>Patres</strong></span> <span class='ocrx_word' id='word_1_479' title='bbox 1411 2301 1635 2347; x_wconf 85' lang='lat' dir='ltr'><strong>Cyprianus,</strong></span> 
     </span>
     <span class='ocr_line' id='line_1_62' title="bbox 870 2348 1638 2396; baseline -0.003 -10"><span class='ocrx_word' id='word_1_480' title='bbox 870 2350 1118 2396; x_wconf 77' lang='lat' dir='ltr'><strong>Augustinus,</strong></span> <span class='ocrx_word' id='word_1_481' title='bbox 1141 2350 1227 2394; x_wconf 88' lang='lat' dir='ltr'><strong>Leo,</strong></span> <span class='ocrx_word' id='word_1_482' title='bbox 1248 2354 1283 2385; x_wconf 86' lang='lat' dir='ltr'><strong>et</strong></span> <span class='ocrx_word' id='word_1_483' title='bbox 1315 2349 1379 2384; x_wconf 83' lang='lat' dir='ltr'><strong>alii</strong></span> <span class='ocrx_word' id='word_1_484' title='bbox 1413 2348 1638 2385; x_wconf 73' lang='grc'><strong>501666161-</strong></span> 
     </span>
     <span class='ocr_line' id='line_1_63' title="bbox 869 2396 1637 2442; baseline -0.005 -7"><span class='ocrx_word' id='word_1_485' title='bbox 869 2408 953 2435; x_wconf 90' lang='lat' dir='ltr'><strong>cere</strong></span> <span class='ocrx_word' id='word_1_486' title='bbox 972 2408 1037 2434; x_wconf 90' lang='lat' dir='ltr'><strong>eos</strong></span> <span class='ocrx_word' id='word_1_487' title='bbox 1057 2397 1200 2434; x_wconf 87' lang='lat' dir='ltr'><strong>similes</strong></span> <span class='ocrx_word' id='word_1_488' title='bbox 1220 2407 1300 2433; x_wconf 86' lang='lat' dir='ltr'><strong>esse</strong></span> <span class='ocrx_word' id='word_1_489' title='bbox 1322 2396 1461 2441; x_wconf 74' lang='lat' dir='ltr'><strong>linguae</strong></span> <span class='ocrx_word' id='word_1_490' title='bbox 1477 2406 1637 2442; x_wconf 89' lang='lat' dir='ltr'><strong>serpen-</strong></span> 
     </span>
     <span class='ocr_line' id='line_1_64' title="bbox 870 2443 1638 2491; baseline -0.001 -10"><span class='ocrx_word' id='word_1_491' title='bbox 870 2446 916 2482; x_wconf 90' lang='lat' dir='ltr'><strong>tis</strong></span> <span class='ocrx_word' id='word_1_492' title='bbox 950 2446 1066 2491; x_wconf 90' lang='lat' dir='ltr'><strong>illius,</strong></span> <span class='ocrx_word' id='word_1_493' title='bbox 1101 2445 1165 2491; x_wconf 91' lang='lat' dir='ltr'><strong>qui</strong></span> <span class='ocrx_word' id='word_1_494' title='bbox 1198 2445 1311 2480; x_wconf 85' lang='lat' dir='ltr'><strong>Evam</strong></span> <span class='ocrx_word' id='word_1_495' title='bbox 1340 2443 1502 2479; x_wconf 81' lang='lat' dir='ltr'><strong>seduxit.</strong></span> <span class='ocrx_word' id='word_1_496' title='bbox 1533 2444 1638 2480; x_wconf 89' lang='lat' dir='ltr'><strong>Sicut</strong></span> 
     </span>
     <span class='ocr_line' id='line_1_65' title="bbox 869 2491 1639 2538; baseline -0.003 -8"><span class='ocrx_word' id='word_1_497' title='bbox 869 2493 972 2530; x_wconf 88' lang='lat' dir='ltr'><strong>enim</strong></span> <span class='ocrx_word' id='word_1_498' title='bbox 993 2503 1148 2538; x_wconf 87' lang='lat' dir='ltr'><strong>serpens</strong></span> <span class='ocrx_word' id='word_1_499' title='bbox 1177 2492 1241 2528; x_wconf 89' lang='lat' dir='ltr'><strong>ille</strong></span> <span class='ocrx_word' id='word_1_500' title='bbox 1272 2492 1470 2528; x_wconf 87' lang='lat' dir='ltr'><strong>scientiam</strong></span> <span class='ocrx_word' id='word_1_501' title='bbox 1491 2491 1581 2527; x_wconf 90' lang='lat' dir='ltr'><strong>boni</strong></span> <span class='ocrx_word' id='word_1_502' title='bbox 1599 2496 1639 2528; x_wconf 86' lang='lat' dir='ltr'><strong>et</strong></span> 
     </span>
     <span class='ocr_line' id='line_1_66' title="bbox 871 2538 1638 2586; baseline -0.003 -9"><span class='ocrx_word' id='word_1_503' title='bbox 871 2541 960 2577; x_wconf 85' lang='lat' dir='ltr'><strong>mati</strong></span> <span class='ocrx_word' id='word_1_504' title='bbox 979 2540 1164 2586; x_wconf 89' lang='lat' dir='ltr'><strong>promisit,</strong></span> <span class='ocrx_word' id='word_1_505' title='bbox 1188 2539 1251 2575; x_wconf 85' lang='lat' dir='ltr'><strong>sed</strong></span> <span class='ocrx_word' id='word_1_506' title='bbox 1273 2550 1339 2585; x_wconf 89' lang='lat' dir='ltr'><strong>pro</strong></span> <span class='ocrx_word' id='word_1_507' title='bbox 1360 2539 1518 2574; x_wconf 85' lang='lat' dir='ltr'><strong>scientia</strong></span> <span class='ocrx_word' id='word_1_508' title='bbox 1536 2538 1638 2575; x_wconf 82' lang='lat' dir='ltr'><strong>salsi·</strong></span> 
     </span>
     <span class='ocr_line' id='line_1_67' title="bbox 870 2586 1639 2634; baseline -0.004 -10"><span class='ocrx_word' id='word_1_509' title='bbox 870 2593 996 2634; x_wconf 89' lang='lat' dir='ltr'><strong>tatem,</strong></span> <span class='ocrx_word' id='word_1_510' title='bbox 1023 2587 1279 2632; x_wconf 87' lang='lat' dir='ltr'><strong>mendacium,</strong></span> <span class='ocrx_word' id='word_1_511' title='bbox 1312 2590 1472 2622; x_wconf 84' lang='lat' dir='ltr'><strong>mortem</strong></span> <span class='ocrx_word' id='word_1_512' title='bbox 1503 2586 1639 2622; x_wconf 84' lang='lat' dir='ltr'><strong>vendi-</strong></span> 
     </span>
     <span class='ocr_line' id='line_1_68' title="bbox 871 2633 1640 2679; baseline -0.003 -7"><span class='ocrx_word' id='word_1_513' title='bbox 871 2636 981 2679; x_wconf 84' lang='lat' dir='ltr'><strong>tavit;</strong></span> <span class='ocrx_word' id='word_1_514' title='bbox 1014 2635 1068 2671; x_wconf 92' lang='lat' dir='ltr'><strong>sic</strong></span> <span class='ocrx_word' id='word_1_515' title='bbox 1088 2639 1123 2670; x_wconf 89' lang='lat' dir='ltr'><strong>et</strong></span> <span class='ocrx_word' id='word_1_516' title='bbox 1145 2633 1326 2676; x_wconf 74' lang='lat' dir='ltr'><strong>haeretici,</strong></span> <span class='ocrx_word' id='word_1_517' title='bbox 1343 2638 1379 2669; x_wconf 88' lang='lat' dir='ltr'><strong>et</strong></span> <span class='ocrx_word' id='word_1_518' title='bbox 1399 2643 1529 2670; x_wconf 81' lang='lat' dir='ltr'><strong>eorum</strong></span> <span class='ocrx_word' id='word_1_519' title='bbox 1552 2634 1640 2670; x_wconf 89' lang='lat' dir='ltr'><strong>libri</strong></span> 
     </span>
     <span class='ocr_line' id='line_1_69' title="bbox 870 2681 1641 2723; baseline -0.005 -3"><span class='ocrx_word' id='word_1_520' title='bbox 870 2683 1068 2720; x_wconf 89' lang='lat' dir='ltr'><strong>scientiam</strong></span> <span class='ocrx_word' id='word_1_521' title='bbox 1100 2692 1226 2718; x_wconf 87' lang='lat' dir='ltr'><strong>rerum</strong></span> <span class='ocrx_word' id='word_1_522' title='bbox 1252 2681 1482 2723; x_wconf 87' lang='lat' dir='ltr'><strong>divinarum,</strong></span> <span class='ocrx_word' id='word_1_523' title='bbox 1510 2681 1641 2717; x_wconf 88' lang='lat' dir='ltr'><strong>scien-</strong></span> 
     </span>
     <span class='ocr_line' id='line_1_70' title="bbox 870 2728 1638 2775; baseline -0.004 -9"><span class='ocrx_word' id='word_1_524' title='bbox 870 2731 962 2767; x_wconf 86' lang='lat' dir='ltr'><strong>tiam</strong></span> <span class='ocrx_word' id='word_1_525' title='bbox 997 2730 1199 2775; x_wconf 85' lang='lat' dir='ltr'><strong>Scripturae</strong></span> <span class='ocrx_word' id='word_1_526' title='bbox 1236 2738 1352 2765; x_wconf 88' lang='lat' dir='ltr'><strong>sacrae</strong></span> <span class='ocrx_word' id='word_1_527' title='bbox 1396 2728 1638 2775; x_wconf 89' lang='lat' dir='ltr'><strong>pollicentur,</strong></span> 
     </span>
     <span class='ocr_line' id='line_1_71' title="bbox 870 2776 1642 2824; baseline -0.005 -10"><span class='ocrx_word' id='word_1_528' title='bbox 870 2778 935 2814; x_wconf 90' lang='lat' dir='ltr'><strong>sed</strong></span> <span class='ocrx_word' id='word_1_529' title='bbox 955 2788 1022 2824; x_wconf 90' lang='lat' dir='ltr'><strong>pro</strong></span> <span class='ocrx_word' id='word_1_530' title='bbox 1042 2776 1201 2814; x_wconf 87' lang='lat' dir='ltr'><strong>scientia</strong></span> <span class='ocrx_word' id='word_1_531' title='bbox 1214 2781 1251 2812; x_wconf 89' lang='lat' dir='ltr'><strong>et</strong></span> <span class='ocrx_word' id='word_1_532' title='bbox 1270 2776 1423 2812; x_wconf 87' lang='lat' dir='ltr'><strong>veritate</strong></span> <span class='ocrx_word' id='word_1_533' title='bbox 1458 2776 1554 2821; x_wconf 83' lang='lat' dir='ltr'><strong>isqui</strong></span> <span class='ocrx_word' id='word_1_534' title='bbox 1575 2785 1642 2810; x_wconf 85' lang='lat' dir='ltr'><strong>eos</strong></span> 
     </span>
     <span class='ocr_line' id='line_1_72' title="bbox 873 2822 1643 2872; baseline -0.003 -11"><span class='ocrx_word' id='word_1_535' title='bbox 873 2825 994 2872; x_wconf 85' lang='lat' dir='ltr'><strong>legere</strong></span> <span class='ocrx_word' id='word_1_536' title='bbox 1037 2823 1233 2871; x_wconf 78' lang='lat' dir='ltr'><strong>praesumit</strong></span> <span class='ocrx_word' id='word_1_537' title='bbox 1281 2823 1438 2860; x_wconf 89' lang='lat' dir='ltr'><strong>nonnisi</strong></span> <span class='ocrx_word' id='word_1_538' title='bbox 1481 2822 1643 2867; x_wconf 84' lang='lat' dir='ltr'><strong>impiam</strong></span> 
     </span>
    </p>
   </div>
   <div class='ocr_carea' id='block_1_14' title="bbox 872 2868 1703 2916">
    <p class='ocr_par' dir='ltr' id='par_1_18' title="bbox 872 2868 1703 2916">
     <span class='ocr_line' id='line_1_73' title="bbox 872 2868 1703 2916; baseline -0.006 -8"><span class='ocrx_word' id='word_1_539' title='bbox 872 2871 1074 2909; x_wconf 82' lang='lat' dir='ltr'><strong>falsitatem</strong></span> <span class='ocrx_word' id='word_1_540' title='bbox 1118 2875 1155 2908; x_wconf 91' lang='lat' dir='ltr'><strong>et</strong></span> <span class='ocrx_word' id='word_1_541' title='bbox 1198 2871 1440 2907; x_wconf 82' lang='lat' dir='ltr'><strong>mendacium</strong></span> <span class='ocrx_word' id='word_1_542' title='bbox 1479 2868 1641 2916; x_wconf 84' lang='lat' dir='ltr'><strong>invenit,</strong></span> <span class='ocrx_word' id='word_1_543' title='bbox 1698 2890 1703 2895; x_wconf 90' lang='lat'>-</span> 
     </span>
    </p>
   </div>
   <div class='ocr_carea' id='block_1_15' title="bbox 873 2916 1645 3004">
    <p class='ocr_par' dir='ltr' id='par_1_19' title="bbox 873 2916 1645 3004">
     <span class='ocr_line' id='line_1_74' title="bbox 873 2916 1644 2965; baseline -0.004 -9"><span class='ocrx_word' id='word_1_544' title='bbox 873 2919 935 2956; x_wconf 89' lang='grc'><strong>661</strong></span> <span class='ocrx_word' id='word_1_545' title='bbox 978 2920 1011 2956; x_wconf 90' lang='grc'><strong>51</strong></span> <span class='ocrx_word' id='word_1_546' title='bbox 1054 2920 1233 2965; x_wconf 86' lang='lat' dir='ltr'><strong>deceptus</strong></span> <span class='ocrx_word' id='word_1_547' title='bbox 1269 2918 1448 2960; x_wconf 84' lang='lat' dir='ltr'><strong>adhaeret,</strong></span> <span class='ocrx_word' id='word_1_548' title='bbox 1488 2916 1644 2954; x_wconf 86' lang='lat' dir='ltr'><strong>tandem</strong></span> 
     </span>
     <span class='ocr_line' id='line_1_75' title="bbox 874 2963 1645 3004; baseline -0.006 0"><span class='ocrx_word' id='word_1_549' title='bbox 874 2970 1033 3004; x_wconf 88' lang='lat' dir='ltr'><strong>mortem</strong></span> <span class='ocrx_word' id='word_1_550' title='bbox 1053 2966 1126 3003; x_wconf 87' lang='lat' dir='ltr'><strong>sibi</strong></span> <span class='ocrx_word' id='word_1_551' title='bbox 1146 2965 1360 3003; x_wconf 85' lang='lat' dir='ltr'><strong>consciscit.</strong></span> <span class='ocrx_word' id='word_1_552' title='bbox 1386 2964 1462 2999; x_wconf 82' lang='lat' dir='ltr'><strong>Hoc</strong></span> <span class='ocrx_word' id='word_1_553' title='bbox 1491 2963 1550 2999; x_wconf 88' lang='lat' dir='ltr'><strong>his</strong></span> <span class='ocrx_word' id='word_1_554' title='bbox 1577 2973 1645 3000; x_wconf 82' lang='lat' dir='ltr'><strong>as-</strong></span> 
     </span>
    </p>
   </div>
   <div class='ocr_carea' id='block_1_16' title="bbox 1429 3047 1483 3087">
    <p class='ocr_par' dir='ltr' id='par_1_20' title="bbox 1429 3047 1483 3087">
     <span class='ocr_line' id='line_1_76' title="bbox 1429 3047 1483 3087; baseline 0.037 -2"><span class='ocrx_word' id='word_1_555' title='bbox 1429 3047 1483 3087; x_wconf 80' lang='lat'><strong>42</strong></span> 
     </span>
    </p>
   </div>
  </div>
 </body>
</html>
