1826 3164
181 184 262 227 466
600 179 650 211 m
678 172 897 208 iia-riona»,
909 153 985 201 aas
1014 156 1333 197 ammonaria&

272 271 349 312 ’est
366 268 475 308 donc
494 273 594 303 avec
612 258 753 299 raison
774 264 855 306 que
873 251 934 291 les
953 242 1186 301 publieains
1205 243 1247 279 et
1265 237 1324 276 les
1343 231 1548 287 pecheurs
1565 225 1757 279 s‘appro-
1780 222 1791 247 i

185 338 354 382 chaient
371 333 422 373 de
442 330 517 370 lui.
538 325 647 367 C'est
666 324 692 362 ὲ
709 322 795 361 tort
813 320 856 358 et
873 310 1152 366 injustement
1171 315 1253 358 que
1271 301 1333 341 les
1352 294 1592 339 Pharisiens
1601 290 1754 343 jaloux
1787 278 1790 279 ⁷

187 406 277 446 s’en
294 396 535 455 plaignent.

244 469 290 511 Si
311 475 417 506 nous
435 458 610 501 voulons
633 450 832 505 regarder
850 448 970 488 Jesus
989 452 1090 482 avec
1110 438 1169 478 les
1188 445 1302 488 yeux
1330 430 1381 470 de
1409 428 1452 467 la
1484 423 1560 472 foi,
1581 431 1688 462 nous
1718 418 1763 459 le

191 539 442 577 trouverons
461 520 687 565 semblable
707 519 733 557 ὲ
751 527 806 554 un
828 513 933 553 livre
953 508 1058 549 ecrit
1077 517 1131 545 au
1151 501 1303 542 dehors
1322 499 1365 536 et
1383 506 1437 533 au
1458 489 1626 537 dedans,
1649 489 1693 526 et
1724 483 1761 524 si
1795 475 1798 483 '

194 612 302 642 nous
321 604 471 637 savons
488 590 580 637 lire,
601 584 711 626 voici
727 582 767 621 le
787 580 901 619 texte
923 574 1050 627 grave
1069 571 1161 610 tout
1179 567 1219 606 le
1239 564 1343 614 long
1363 560 1413 599 de
1446 568 1491 597 ce
1521 554 1626 595 livre
1644 560 1760 602 mys-

195 666 365 709 terieux
386 672 396 699 t
422 674 442 695 «
464 651 632 697 Gelai-ci
653 647 784 699 recoit
802 645 861 684 les
879 639 1097 694 pecheurs.
1120 649 1140 670 »
1163 629 1286 672 Voila
1305 638 1351 667 ce
1379 622 1481 677 qu'il
1510 621 1631 673 porte
1661 613 1767 656 ecrit
1804 655 1806 658 ,

198 744 272 773 sur
291 739 367 769 son
395 724 526 771 from,
547 719 651 759 dans
679 726 742 753 ses
774 709 923 753 mains,
947 715 1019 744 sur
1037 713 1101 740 ses
1131 696 1263 750 pieds‚
1285 692 1388 732 dans
1417 699 1482 727 ses
1510 694 1638 737 yeux,
1661 681 1766 721 dans
1804 711 1805 714 ,

199 809 278 838 son
297 803 426 838 coeur,
450 799 522 827 sur
542 785 634 823 tout
669 790 742 819 son
764 785 897 826 corps.
919 770 1027 811 C'est
1045 766 1087 806 la
1106 775 1151 803 ce
1175 777 1195 798 «
1217 758 1306 812 qui,
1329 765 1432 807 pour
1457 755 1552 790 tous
1571 758 1678 788 ceux
1696 742 1771 797 qui
1802 773 1804 778 .

200 860 375 903 veulent
394 856 488 903 lire,
511 854 572 891 est
591 843 781 898 exprime
800 838 1013 879 vivement
1045 842 1120 883 par
1151 838 1215 867 ses
1246 823 1450 863 blessures
1481 828 1531 856 en
1569 812 1688 866 guise
1717 809 1772 850 de

201 925 446 969 caracteres,
465 909 627 970 par‘ses
648 910 762 950 olous
780 918 833 946 en
857 902 975 955 guise
995 898 1046 938 de
1066 895 1209 948 plume
1239 901 1295 929 ou
1315 887 1366 925 de
1384 883 1576 937 pinceau‚
1598 888 1676 931 par
1694 885 1772 916 son

203 1003 312 1044 sang
332 1001 385 1028 en
408 984 526 1037 guise
546 979 707 1020 d'encre
727 985 782 1011 ou
807 969 858 1009 de
878 965 1084 1007 couleurs.
1109 961 1141 1000 O
1163 958 1235 996 «ies
1254 955 1339 994 lors
1373 947 1517 1003 parole
1548 945 1772 999 henr-cuae²

205 1067 347 1101 suave,
370 1053 502 1091 donce
532 1052 694 1084 comme
725 1038 764 1077 le
795 1032 895 1075 miel
918 1044 927 1071 :
954 1046 973 1066 «
995 1023 1166 1068 Gelai-ci
1198 1018 1328 1070 reeoit
1358 1015 1418 1055 les
1448 1006 1672 1065 pecheursl
1697 1019 1717 1042 »
1739 1003 1773 1045 Ο
1819 1029 1826 1074 3

205 1120 350 1177 parole
365 1115 437 1169 qui
456 1110 606 1152 touche
628 1109 670 1146 et
689 1099 925 1144 reconforte
945 1091 1192 1134 suavement
1212 1095 1295 1124 une
1316 1083 1425 1128 ame,
1440 1076 1579 1129 quine
1598 1069 1775 1113 rassasie
1822 1079 1826 1109 :

204 1185 359 1241 iamais
379 1177 520 1234 quand
541 1187 596 1215 on
617 1172 659 1211 la
677 1166 844 1208 rumine
864 1162 976 1209 bien,
999 1156 1091 1210 qui,
1111 1153 1207 1194 bien
1229 1160 1312 1202 que
1331 1143 1446 1186 mille
1478 1140 1558 1181 fois
1590 1137 1774 1189 reprime,

210 1257 275 1292 est
293 1253 546 1291 savoureuse
565 1251 618 1278 au
638 1229 843 1288 pecheur!
864 1228 933 1273 Et,
956 1223 1080 1276 qu‘en
1100 1215 1274 1259 serait-il
1292 1212 1343 1252 de
1363 1220 1480 1254 nous,
1501 1203 1779 1245 malheureux
1823 1207 1826 1212 ·

213 1320 256 1359 et
276 1315 476 1358 infirme5‚
501 1305 574 1358 qui
593 1309 775 1342 sommes
793 1295 827 1335 si
846 1290 1005 1334 enclins
1025 1292 1066 1327 et
1085 1285 1121 1325 si
1142 1282 1283 1336 portes
1303 1290 1356 1318 au
1376 1273 1506 1328 peche
1525 1268 1589 1310 s'il
1607 1278 1660 1307 ne
1674 1275 1783 1306 reee-
1822 1272 1826 1317 j

215 1382 305 1424 vait
334 1390 409 1432 pas
439 1375 499 1415 les
526 1363 758 1423 pecheursl
782 1358 876 1402 Ceoi
895 1357 1004 1396 donc
1025 1363 1133 1392 nous
1151 1345 1321 1393 fortifie,
1345 1351 1451 1382 nous
1471 1333 1656 1383 console,
1676 1340 1784 1371 nous
1821 1356 1826 1364 .

215 1443 424 1491 rafiermit
443 1440 549 1480 dans
567 1434 834 1485 respersum,
857 1433 963 1463 nous
983 1415 1183 1469 empeche
1203 1412 1255 1452 de
1289 1406 1454 1448 tomber
1481 1405 1524 1442 et
1554 1399 1686 1440 d’etre
1704 1407 1779 1435 en·

222 1511 379 1568 gloutis
397 1508 502 1548 dans
533 1499 703 1542 l'abime
733 1494 790 1533 du
821 1484 1048 1538 desespoir,
1070 1481 1169 1521 c’est
1201 1487 1282 1530 que
1317 1489 1337 1510 «
1369 1466 1537 1510 celui-ci
1569 1461 1700 1515 recoit
1727 1460 1785 1500 les

218 1578 438 1633 pecheurs.
461 1586 481 1607 »
504 1570 618 1609 Nous
637 1570 828 1616 pouvons
842 1555 946 1594 donc
964 1550 1054 1590 dire
1073 1557 1173 1587 avec
1192 1543 1230 1583 le
1252 1536 1468 1580 Psalmiste
1492 1546 1502 1572 ε
1527 1547 1547 1568 «
1568 1530 1682 1570 Vous
1699 1526 1788 1566 etes

221 1655 322 1687 mon
354 1638 575 1680 defensent
606 1633 648 1669 et
675 1636 776 1666 mon
807 1618 987 1663 soutien,
1010 1616 1051 1653 et
1078 1610 1153 1663 j'ai
1185 1607 1264 1647 mis
1296 1605 1412 1643 toute
1443 1608 1544 1638 mon
1564 1594 1788 1646 esperance

221 1711 328 1752 dans
346 1706 463 1746 votre
481 1695 641 1752 parole.
676 1690 759 1744 (Ps.
794 1676 1062 1731 cxv111‚1t4.)
1086 1691 1106 1712 »
1130 1674 1238 1715 C'est
1257 1677 1419 1710 comme
1439 1663 1598 1703 sinens
1631 1655 1790 1698 disions

225 1785 325 1815 avec
344 1769 402 1811 lui
426 1781 435 1808 :
458 1754 768 1814 Seigneur,j'ai
787 1749 926 1804 appris
958 1755 1040 1798 que
1071 1752 1174 1781 vous
1204 1738 1292 1777 etes
1327 1749 1347 1770 «
1371 1723 1714 1771 misericordieux
1748 1720 1792 1759 et

226 1838 424 1883 clement,
445 1828 618 1883 patient,
641 1821 755 1863 riche
782 1829 834 1858 en
864 1807 1131 1854 misericorde
1168 1806 1211 1844 et
1248 1791 1582 1840 tres-veritable3
1618 1782 1792 1840 (Ea-ode.

228 1913 357 1951 xxxii,
379 1898 438 1951 ὃ.)
460 1913 478 1932 »
505 1904 584 1946 que
607 1899 708 1929 vous
733 1883 849 1923 aidez
869 1880 928 1919 les
948 1875 1169 1929 pecheur5‚
1191 1880 1241 1908 en
1263 1867 1322 1905 les
1343 1859 1561 1914 appelant,
1586 1854 1644 1894 les
1662 1849 1793 1902 inspi-

232 1967 1796 2034 ss

233 2111 273 2138 er
300 2109 321 2135 o
341 2096 449 2133 erant
476 2082 822 2136 appropinquantes
841 2074 888 2111 ad
908 2081 996 2109 eum
1034 2066 1142 2113 cipit!
1158 2079 1171 2096 υ
1196 2062 1226 2098 Ο
1248 2058 1402 2096 verbum
1424 2051 1522 2099 quod
1542 2047 1703 2086 suaviter
1721 2042 1803 2080 ani-

234 2110 427 2196 pu‘iilicani
464 2143 501 2175 et
540 2136 767 2182 peccatores.
805 2119 997 2160 immerito
1037 2123 1141 2152 mum
1180 2108 1310 2150 afficit,
1354 2101 1488 2144 reiicit,
1532 2102 1568 2134 et
1605 2099 1803 2139 nunquam

235 2196 347 2233 etiam
378 2195 413 2227 et
442 2186 581 2232 injuste
611 2191 654 2216 ea
684 2177 730 2212 de
763 2184 800 2210 re
829 2177 998 2215 conque·
1037 2160 1163 2198 delicit
1184 2157 1278 2193 bene
1300 2150 1544 2190 ruminatum,
1568 2143 1631 2180 sed
1653 2147 1802 2185 semper

237 2246 371 2281 rantur
390 2232 519 2273 aemuli
542 2225 731 2267 Pharisaei.
1039 2207 1210 2255 sapidum
1242 2205 1297 2239 est
1330 2194 1532 2245 peccatori,
1555 2189 1695 2228 millies
1716 2186 1804 2222 licet

285 2290 323 2326 Si
341 2284 451 2323 oculo
472 2276 619 2329 pietatis
637 2270 824 2317 inspicere
845 2261 1003 2301 volucri·
1042 2254 1253 2310 repetitum.
1286 2248 1327 2284 ΕΙ,
1361 2244 1448 2291 quid
1482 2243 1579 2276 esset
1617 2236 1663 2273 de
1695 2232 1806 2270 nobis

238 2347 325 2376 mus
345 2335 485 2373 lesum,
508 2322 748 2364 inveniemus
780 2314 890 2351 illurn
916 2314 1000 2345 tan·
1043 2301 1189 2340 miseris
1208 2303 1242 2333 ct
1265 2292 1439 2334 infirmis,
1463 2288 1525 2335 qui
1546 2285 1638 2322 adeo
1669 2278 1808 2318 lubrici

239 2394 353 2433 quam
387 2380 525 2417 librum
558 2373 659 2409 intus
691 2371 726 2401 et
758 2361 846 2400 foris
880 2357 1001 2402 scrip·
1042 2358 1172 2387 sumus
1193 2350 1229 2382 et
1249 2339 1425 2390 propensi
1459 2337 1496 2373 in
1530 2335 1726 2381 peceatum
1774 2325 1806 2363 si

244 2439 356 2473 tum3
390 2425 475 2463 etsi
507 2423 628 2465 legere
659 2411 891 2452 noverimus.
926 2404 1004 2439 inec
1044 2399 1105 2435 liic
1139 2397 1353 2442 peccateres
1396 2395 1473 2423 non
1502 2381 1696 2427 reciperet.
1731 2357 1810 2412 1100

242 2485 298 2517 est
330 2477 513 2521 scriptura
544 2467 691 2505 exarata
722 2463 797 2496 toto
821 2456 890 2491 tuoe
911 2451 1006 2488 libro
1047 2446 1158 2490 igitur
1191 2438 1406 2478 confirmat,
1427 2431 1582 2472 solatur,
1603 2425 1712 2471 erigit
1739 2430 1809 2459 nos

243 2525 404 2573 mystice
427 2532 435 2557 ·.
462 2535 475 2552 ι
502 2517 569 2554 llic
615 2513 802 2549 necatores
822 2499 967 2546 recipit.
989 2513 1002 2531 ι.
1047 2494 1086 2530 ἰη
1104 2500 1223 2546 spem,
1246 2497 1293 2523 ne
1315 2485 1352 2520 in
1374 2478 1603 2528 profundum
1631 2473 1811 2518 despera·

244 2575 323 2613 uoo
379 2572 472 2606 «esunt
511 2566 550 2601 in
589 2525 711 2598 fronte
749 2551 946 2596 scriptum,
968 2545 1007 2580 in
1048 2541 1161 2577 tionis
1212 2534 1401 2572 laturiam,
1449 2532 1484 2563 et
1527 2521 1812 2563 absorbeamur,

246 2620 349 2660 mani
366 2629 436 2660 ius,
460 2616 497 2651 in
531 2601 703 2658 pedibus,
731 2602 769 2638 in
803 2595 940 2636 oeulis,
970 2592 1008 2628 in
1047 2587 1135 2635 qnia
1159 2601 1172 2617 α
1199 2582 1266 2619 llic
1288 2581 1501 2627 peccatores
1516 2569 1662 2616 recipit.
1686 2582 1699 2602 a
1725 2564 1815 2602 Ideo

245 2669 374 2713 corde,
409 2665 447 2700 in
469 2665 544 2697 teto
566 2662 734 2701 corpore.
759 2649 835 2685 lieo
855 2642 1011 2679 vulnera
1050 2641 1248 2683 possumus
1303 2628 1428 2663 (licere
1488 2630 1575 2658 cum
1633 2613 1753 2653 Psalte
1805 2620 1815 2648 ε

247 2723 427 2762 tanquam
497 2707 748 2744 characteres,
802 2693 873 2730 hoc
915 2686 1009 2725 clavi
1054 2697 1067 2715 «
1094 2681 1246 2728 AdJ'utor
1277 2679 1313 2712 et
1345 2673 1538 2715 susceptor
1572 2673 1678 2702 meus
1698 2670 1738 2699 es
1758 2663 1813 2704 tu.

247 2769 427 2809 tanquam
477 2755 644 2791 calamus
682 2749 744 2783 aut
796 2736 1009 2788 penicillus,
1050 2730 1145 2767 etin
1169 2725 1322 2764 verbum
1362 2724 1467 2756 tuum
1500 2706 1772 2768 supersperavi.
1799 2718 1812 2738 n

254 2812 325 2850 boc
362 2803 516 2849 sangui„
553 2799 634 2845 ejus
665 2795 782 2831 instar
811 2782 1011 2823 atramenti
1052 2775 1163 2822 Quasi
1195 2773 1407 2810 diceremus
1435 2774 1522 2802 eum
1545 2760 1640 2797 illo:
1669 2752 1817 2797 Audivi.

249 2863 313 2897 aut
352 2854 535 2893 colorum,
587 2842 761 2880 vivaciter
805 2832 1015 2880 exprimere
1056 2824 1227 2867 Domine,
1249 2819 1335 2866 quia
1355 2811 1569 2852 misericors
1583 2817 1622 2844 es
1642 2809 1679 2841 et
1699 2801 1814 2841 mise-

252 2907 453 2946 censentur
491 2893 668 2933 omnibus
702 2889 823 2930 tegere
862 2877 1015 2917 volenti·
1055 2877 1164 2915 rator,
1187 2867 1334 2916 patiens
1371 2866 1407 2899 et
1439 2858 1567 2897 mutim
1601 2848 1816 2890 misericor-

255 2954 337 2991 bus.
361 2949 421 2987 ()t
452 2947 523 2983 itur
545 2941 648 2983 senx,
675 2949 696 2973 o
730 2942 856 2973 suave,
877 2940 898 2963 o
919 2925 1014 2963 inel-
1054 2921 1126 2958 dim
1158 2922 1194 2954 et
1226 2922 1352 2955 verax.
1381 2913 1418 2946 et
1450 2904 1548 2953 quod
1580 2910 1660 2939 non
1697 2895 1822 2936 solum

254 3002 354 3039 leam
374 3006 436 3035 ver
467 3004 528 3031 uin
552 3000 560 3028 :
582 3002 599 3023 ι
621 2986 686 3023 llic
709 2982 921 3030 peccatores
955 2983 1014 3009 re·
1055 2967 1208 3014 adjuves
1244 2962 1461 3010 peccatores
1499 2948 1682 2992 vocando,
1702 2940 1822 2990 inspi-
