1826 3164
519 18 563 29 .·.
607 10 686 34 ‘gx
735 7 742 28 §³

480 67 484 74 ¹
546 98 551 106 ·
575 70 894 125 :siau—munem
923 70 976 126 nn
1005 96 1056 127 m
1085 93 1267 132 rammi.
1648 105 1727 149 ³88

141 428 428 472 compagnons
447 423 653 467 Euchaire
673 432 714 468 et
735 431 899 474 Valere.
923 436 1040 476 Ainsi
1071 451 1136 479 ces
1166 443 1267 482 trois
1288 451 1471 499 envoyoss
1490 451 1541 491 de
1561 452 1603 493 la
1621 457 1716 496 Tri-

138 480 285 524 nitela
305 484 566 537 glorifierent
585 503 662 543 par
681 494 721 533 1ο,
747 497 890 548 parole
923 500 972 540 de
1006 502 1098 543 leur
1129 507 1404 561 prodit-elion,
1428 514 1479 554 ils
1510 515 1716 561 l'honore-

135 551 232 589 rent
248 560 326 601 par
344 549 386 590 la
404 555 637 604 possession
671 563 896 603 successive
918 565 973 605 du
995 569 1132 609 meme
1152 572 1283 624 siege,
1303 580 1345 616 et
1378 577 1427 617 ils
1459 583 1713 627 tressaillent

133 611 186 653 de
198 612 287 664 J‘oie
308 614 412 655 dans
432 618 471 658 la
487 620 727 671 jouissance
748 626 798 666 de
831 628 872 668 la
906 631 1082 682 Trinite,
1107 637 1370 681 mainteuant
1401 655 1454 683 au
1488 647 1578 688 sein
1598 649 1651 691 de
1673 652 1712 694 in

130 676 279 729 gloire,
301 681 439 722 tendis
454 696 535 736 que
550 686 661 728 leurs
681 690 783 731 trois
803 705 921 747 corps
942 704 1138 750 reposcnt
1157 705 1369 746 ensemhlc
1385 708 1489 750 dnus
1508 711 1620 755 leurs
1639 716 1710 758 lits

130 739 182 782 de
199 754 337 796 repos.

181 807 289 856 Qu'il
310 814 371 850 est
396 812 503 854 beau
537 818 648 858 aussi
668 819 916 865 d'entcndre
948 828 1059 868 saint
1091 831 1312 875 Ambroise
1345 850 1444 879 avec
1475 843 1704 899 Angustia,

125 883 180 911 au
198 871 394 926 bapteme
414 878 466 918 de
486 892 531 921 ce
552 882 730 935 dernier,
754 887 969 931 benissent
994 895 1364 942 alternativement
1397 905 1435 944 le
1470 908 1572 949 Pere
1603 914 1646 951 et
1665 912 1705 954 le

123 936 207 977 Fils
226 950 326 979 avec
344 941 383 981 le
404 943 698 1000 Saint-Esprit‚
714 963 765 992 en
784 953 995 997 alternant
1017 959 1076 999 les
1097 967 1252 1004 vei-sets
1268 968 1392 1018 qu'ils
1412 976 1703 1026 cumposerent

122 1013 220 1042 sous
256 1003 533 1058 l'iuspiration
574 1012 726 1064 divine,
750 1017 855 1057 dans
892 1026 999 1062 cette
1039 1024 1197 1076 hymne
1237 1031 1491 1085 triumphale
1515 1050 1524 1075 :
1546 1053 1565 1077 ιι
1586 1041 1701 1084 Nous

118 1078 221 1107 vous
239 1069 398 1120 louons,
422 1075 446 1113 ὁ
468 1075 587 1127 Dieu,
615 1091 720 1120 nous
744 1095 846 1123 vous
878 1090 1194 1131 reconnaissous
1226 1108 1388 1137 comme
1423 1102 1650 1154 seigneur.
1671 1121 1692 1146 ι

118 1132 235 1173 Cette
254 1133 425 1188 hymne‚
459 1142 711 1194 tres-pieuse
730 1151 772 1187 et
793 1150 1098 1203 tros-agreable
1117 1159 1140 1196 a
1161 1158 1201 1198 la
1221 1161 1493 1206 Tres-Sainte
1514 1169 1694 1222 Trinius,

116 1208 210 1238 sera
229 1198 405 1243 chantee
421 1204 719 1257 joyeusement
733 1212 836 1253 dans
858 1214 1027 1268 l'Eglisc
1042 1222 1211 1274 jusqu’il
1233 1225 1271 1264 la
1292 1227 1349 1267 lin
1372 1229 1443 1269 des
1465 1235 1598 1287 temps
1617 1248 1697 1290 par

113 1273 177 1302 ses
196 1265 365 1306 enfants
384 1267 580 1313 devoues.
604 1274 813 1328 Quclqubs
844 1281 1024 1334 Martyrs
1056 1298 1108 1326 en
1143 1299 1341 1332 mourant
1374 1294 1414 1334 la
1447 1297 1695 1344 chanterent

112 1338 213 1367 avec
234 1332 394 1381 grande
423 1334 535 1386 picte
568 1341 611 1378 et
641 1340 854 1394 affection,
879 1358 1041 1389 comme
1072 1364 1129 1390 un
1150 1354 1275 1395 chnut
1297 1357 1347 1397 de
1368 1372 1504 1411 cygno
1536 1370 1578 1404 et
1609 1378 1693 1409 uno

110 1393 342 1444 profession
363 1397 413 1437 de
435 1399 493 1439 foi
514 1404 768 1455 tres-sainte,
788 1421 896 1460 pour
916 1412 1097 1465 laquelle
1117 1420 1158 1456 et
1178 1421 1284 1460 dans
1304 1422 1484 1476 laquelle
1504 1427 1555 1468 ils
1575 1442 1692 1474 mou·

108 1456 259 1499 reient.
284 1461 400 1502 Ainsi
419 1463 544 1505 firent
573 1467 762 1523 l’eveque
786 1474 837 1513 de
863 1477 1103 1529 Rochester,
1119 1482 1230 1524 ainsi
1251 1487 1442 1530 Edmond
1465 1493 1685 1548 Campum,

107 1520 159 1562 de
178 1522 219 1563 la
238 1525 495 1579 Compaguie
514 1531 565 1571 de
586 1534 720 1586 Jesus,
745 1541 887 1590 quand
921 1543 970 1582 ils
1002 1551 1150 1586 curent
1182 1548 1223 1589 la
1254 1553 1338 1592 tete
1360 1557 1558 1599 tranchee
1578 1573 1688 1613 pom·

103 1584 148 1626 la
166 1587 226 1628 foi
245 1601 297 1630 en
319 1592 587 1645 Angleterre.

156 1654 200 1692 5⁰
219 1654 360 1709 Enfin,
375 1670 481 1699 nous
498 1660 653 1704 devons
672 1665 794 1708 benir
806 1669 844 1709 le
867 1672 968 1713 Pere
988 1677 1030 1715 et
1050 1676 1088 1716 le
1110 1678 1194 1718 Fils
1213 1692 1313 1721 avec
1327 1683 1366 1724 le
1382 1685 1677 1744 Saint-Esprit,

105 1805 1678 1857 Ἃ

104 1928 234 1970 postea
252 1927 458 1976 Maternus.
479 1935 542 1980 qui
562 1941 598 1973 et
622 1939 867 1980 colonienses
904 1946 1058 1993 Spiritu,
1080 1950 1236 1989 alteruis
1252 1956 1432 2005 versibus,
1450 1970 1495 1996 cx
1511 1961 1675 2010 inspira-

102 1975 139 2007 οἱ
159 1971 402 2020 Tungrenscs
438 1980 624 2021 Dioeceses
653 1986 864 2027 Trevireusi
906 1993 1006 2031 tione
1027 1997 1154 2035 divIna
1192 2005 1425 2052 compositis,
1448 2006 1489 2044 in
1524 2009 1668 2055 hymno

98 2018 287 2066 adjunxit,
307 2026 458 2072 populis
477 2029 554 2067 illis
584 2043 696 2079 opera
723 2046 789 2072 sua
818 2040 864 2075 ad
906 2041 969 2077 illo
1003 2044 1260 2092 triumphante
1282 2060 1290 2085 :
1318 2066 1331 2083 α
1356 2052 1407 2088 Tc
1434 2054 1551 2092 Deum
1586 2058 1672 2097 lau—

100 2065 291 2107 Christum
324 2076 528 2112 conversis.
552 2079 602 2116 Ac
634 2091 722 2119 cum
751 2085 861 2122 Colo·
901 2088 1049 2134 dumus,
1074 2092 1125 2128 Te
1147 2094 1352 2134 Dominum
1383 2102 1623 2144 confitemur.
1648 2122 1662 2140 ι

98 2113 174 2150 niae
192 2121 402 2157 extremum
421 2123 521 2160 dicm
538 2125 706 2172 obiisset,
725 2141 861 2179 corpus
901 2136 971 2178 Qui
1004 2138 1155 2183 quidem
1191 2142 1356 2188 hymnus
1387 2148 1670 2192 Sacro-sanctae

94 2160 177 2206 ejus
196 2162 285 2202 inde
305 2166 475 2207 Treviros
507 2172 629 2212 Rheni
663 2180 764 2215 fluxu
794 2181 860 2217 mi·
900 2182 1071 2222 Trinitati
1093 2188 1358 2229 devotissimus
1390 2200 1425 2230 ct
1445 2200 1667 2245 acceptissi-

94 2209 266 2248 raculose
297 2224 445 2253 sursum
484 2229 665 2260 converso
697 2229 858 2264 transtu·
900 2240 983 2267 mus
1003 2233 1043 2269 iu
1064 2236 1180 2274 tinem
1202 2248 1319 2286 usquc
1340 2244 1470 2280 saeculi
1486 2246 1525 2282 in
1539 2247 1666 2287 Eccle-

96 2258 175 2293 tum
207 2264 277 2304 est,
316 2266 354 2298 ut
389 2264 495 2310 juxta
533 2275 747 2309 sanctorum
785 2275 855 2311 sihi
897 2278 992 2315 siaa
1021 2280 1108 2319 tiliis
1140 2285 1222 2331 ejus
1254 2289 1397 2325 devotis
1418 2301 1506 2329 cum
1534 2294 1663 2341 jubilo

91 2303 281 2343 sociorum
301 2308 478 2349 Eucharii
493 2315 679 2355 ctValerii
699 2331 856 2367 corpora
894 2325 1168 2367 decantabitur.
1192 2334 1301 2371 Hunc
1336 2336 1522 2382 hymnum
1546 2343 1662 2383 etiam

90 2349 313 2396 quiesceret.
327 2356 388 2394 Sic
408 2358 498 2397 Tros
513 2362 708 2403 Trinitatis
729 2368 852 2416 Legati
894 2376 1072 2412 nonnulli
1094 2378 1274 2425 Martyres
1294 2382 1334 2419 in
1355 2390 1524 2426 extremo
1543 2391 1661 2437 spiri-

87 2405 162 2442 per⁴
174 2401 454 2444 praedicationis
472 2409 628 2449 verbum
660 2424 744 2452 eam
769 2417 851 2463 glo·
893 2424 931 2456 tu
981 2422 1218 2467 pientissimo
1274 2436 1309 2466 et
1346 2432 1660 2477 affectuosissime

88 2442 297 2493 rificarunt,
322 2461 389 2495 per
426 2454 596 2500 eJusdem
633 2462 732 2498 sedis
770 2475 852 2502 suc-
890 2471 1196 2519 pronuntiarunt,
1238 2481 1417 2524 tauquam
1468 2492 1655 2531 cygneam

89 2491 231 2530 cessive
260 2500 535 2540 possessionem
568 2516 650 2544 eam
685 2509 850 2548 honora·
891 2525 1018 2553 vocem
1051 2524 1087 2555 et
1118 2520 1206 2559 fidei
1237 2526 1530 2568 sacratissimam
1557 2543 1655 2572 con-

85 2542 200 2582 tunt;
222 2545 258 2576 et
289 2543 362 2590 ipsi
394 2546 437 2584 in
457 2548 649 2590 Trinitatis
668 2556 850 2596 fruitione
890 2561 1105 2609 sessionem,
1118 2579 1185 2614 pro
1207 2581 1280 2617 qua
1299 2578 1334 2608 ct
1356 2574 1398 2612 in
1417 2586 1491 2623 qua
1510 2582 1652 2619 morie-

86 2585 259 2624 exultant
289 2592 401 2629 modo
431 2593 472 2632 in
504 2598 638 2645 gloria,
659 2602 749 2640 dum
780 2607 847 2643 tria
887 2607 1036 2648 bantur.
1057 2614 1118 2651 Sic
1150 2616 1237 2654 fecit
1270 2619 1455 2660 Roffensis
1495 2627 1653 2674 Episco-

83 2640 215 2670 eorum
247 2645 403 2684 corpora
433 2642 545 2681 simul
577 2649 775 2694 quiescunt
806 2654 846 2690 in
886 2659 1038 2702 pus,sie
1062 2661 1281 2703 Edmundus
1308 2669 1550 2719 Campianus,
1581 2677 1651 2713 Sa-

81 2678 273 2718 cubilibus
292 2685 382 2723 suis.
883 2705 1015 2741 cordos
1033 2708 1228 2749 Societatis
1251 2714 1352 2763 Jesu,
1374 2719 1466 2757 dum
1487 2733 1554 2768 pro
1575 2723 1651 2762 fide

129 2727 249 2770 Quam
265 2730 478 2776 jucundum
498 2738 611 2777 etiam
640 2748 695 2780 est
714 2747 844 2784 audire
882 2752 1067 2792 cervicem
1121 2759 1246 2804 gladio
1308 2764 1540 2812 subjicerent
1605 2771 1647 2809 in

80 2779 255 2814 sanctum
287 2779 527 2822 Ambrosium
546 2797 634 2826 cum
665 2790 842 2839 Augusti·
881 2798 1027 2843 Anglia.

79 2829 146 2866 no,
164 2829 251 2870 post
269 2825 502 2874 Baptismum
526 2833 662 2882 ipsius,
684 2838 840 2879 benedi-
926 2846 1119 2888 Postremo
1177 2854 1360 2895 debemus
1419 2860 1646 2902 benedicere

77 2871 367 2928 nentesPatreni
388 2881 422 2914 et
444 2878 582 2920 Filium
602 2893 689 2922 cum
702 2886 839 2928 Sancto
879 2892 1023 2935 Patrem
1042 2903 1078 2935 et
1100 2899 1238 2940 Filium
1267 2915 1356 2944 cum
1386 2908 1525 2947 Sancto
1556 2911 1647 2959 Spi-
