1826 3164
234 273 279 313 40
298 273 409 313 Pour
428 285 531 315 vous
547 275 704 326 66551,ὁ
722 276 903 318 euvieux
921 281 964 319 61
980 278 1234 328 vindicutifs,
1250 280 1493 333 impatiente
1511 285 1554 323 61
1572 282 1745 333 coleres,

181 337 376 389 craignez
408 338 651 391 l'abattage‚
683 340 879 393 craignez
910 342 950 383 le
978 343 1062 384 feu.
1094 343 1380 393 Qu'eteswous
1410 358 1462 386 66
1494 347 1595 388 61161
1624 351 1747 390 autre

179 401 303 442 chose
323 415 404 456 que
423 403 494 444 (165
513 415 723 457 66191665
752 409 795 446 61
824 406 896 447 (165
927 409 1071 461 691665
1102 411 1425 460 infructueuses,
1461 412 1534 464 qui
1566 425 1618 454 ne
1650 417 1746 454 sont

178 465 338 508 bonnes
357 464 455 520 qu'e
472 467 641 518 blesser,
664 481 792 510 66566
799 471 969 523 3166161·
987 477 1030 514 et
1049 475 1212 527 piquer,
1234 479 1277 516 et
1294 476 1367 517 des
1386 476 1470 517 1015
1495 483 1591 518 sont
1616 479 1744 519 desti·

177 534 277 571 nees
295 545 347 572 au
367 533 439 572 feu
458 535 580 586 apres
598 534 716 575 avoir
733 538 800 576 616
819 539 996 590 6069665
1009 538 1030 578 ?
1049 541 1131 580 Sur
1150 553 1254 581 vous
1273 541 1381 581 donc
1394 553 1557 583 comme
1582 555 1655 584 sur
1672 543 1745 584 (165

176 596 316 648 6911165
335 597 374 637 16
394 597 465 638 feu
484 599 694 652 crepitent
711 599 763 641 de
782 601 823 642 la
844 603 1039 654 gehenne
1058 605 1347 657 s’embrasera,
1370 619 1496 659 parce
1515 620 1598 661 que
1617 608 1659 649 16
1678 620 1743 649 16-

173 661 268 701 6166
285 664 428 703 616616
447 664 499 704 (16
519 668 635 705 votre
654 677 784 715 coeur,
806 667 959 708 cruelle
980 673 1022 708 et
1049 673 1125 710 nee
1156 682 1262 722 pour
1293 672 1463 722 blesser,
1499 674 1671 725 produit
1701 674 1741 715 16

176 730 358 767 meurtre
379 732 420 768 61
439 728 480 768 16
499 741 757 782 vengeance.
779 735 939 773 Autant
957 734 1061 786 qu'il
1080 739 1143 775 651
1162 747 1216 775 en
1236 749 1353 786 1065,
1387 750 1490 778 vous
1521 739 1671 792 piquez
1702 739 1741 780 16

173 792 375 844 prochain
395 805 447 833 eu
470 794 633 846 9610165
652 799 694 836 61
713 808 764 836 66
784 801 910 847 66165,
932 811 1037 840 vous
1067 799 1105 840 16
1136 800 1342 850 dechirez,
1377 815 1480 843 vous
1510 803 1666 844 blessez
1698 807 1742 846 et

172 859 214 896 et
232 869 336 897 vous
354 859 652 911 ensanglantez
672 873 748 901 son
770 862 979 912 honneur,
1003 878 1046 904 sa
1065 870 1322 915 1660166166,
1345 880 1419 908 506
1439 881 1553 909 nom.
1587 870 1738 921 Meme,

173 933 247 973 961
266 935 338 962 105
358 923 579 965 insolentes
601 926 762 978 9610165
782 928 1092 980 (1“111196116666,
1114 943 1189 983 par
1209 944 1281 972 vos
1299 932 1563 985 blasphemes
1594 938 1637 975 et
1666 947 1740 976 vos

165 986 417 1039 jnrements‚
441 1001 543 1029 vous
562 994 733 1031 tout-nez
753 998 896 1033 contre
924 994 1029 1035 Dieu
1060 995 1102 1035 16
1132 997 1276 1048 901616
1307 998 1506 1050 69166656
1538 999 1589 1039 (16
1622 1003 1739 1042 votre

168 1051 339 1104 langue.
362 1053 470 1093 C'est
489 1055 514 1094 6
534 1067 636 1095 vous
655 1056 763 1097 donc
782 1070 864 1110 que
884 1059 1133 1101 s'adressent
1153 1074 1220 1102 665
1240 1064 1403 1115 9610165
1437 1077 1446 1103 :
1485 1079 1505 1103 «
1539 1067 1615 1106 Les
1646 1066 1737 1106 vio-

168 1115 323 1156 1616615
341 1117 392 1157 (16
411 1118 451 1158 16
471 1119 527 1158 101
547 1125 688 1161 561061
707 1125 802 1162 1065
821 1125 1074 1165 extermines
1092 1139 1254 1167 comme
1274 1140 1340 1167 665
1359 1129 1502 1180 691665
1533 1142 1616 1183 (166
1649 1130 1736 1172 Γοιι

167 1181 383 1223 n’arraehe
401 1195 474 1236 pas
493 1197 593 1225 avec
612 1185 653 1226 16
671 1187 955 1236 1661606666
973 1202 1028 1230 06
1049 1195 1146 1232 1661
1165 1192 1224 1232 165
1244 1193 1492 1243 mucha-‚on
1514 1195 1664 1236 s’arme
1677 1195 1736 1237 du

166 1247 231 1286 fer
249 1250 292 1286 et
311 1247 366 1287 du
387 1247 477 1288 bois
496 1250 547 1290 de
567 1251 607 1290 16
627 1250 802 1301 16666,61
821 1254 921 1294 61165
940 1260 1035 1294 5061
1054 1260 1298 1298 6065616665
1318 1271 1415 1299 5665
1430 1260 1532 1313 (16’11
1551 1274 1605 1301 en
1626 1265 1736 1304 reste

165 1311 272 1351 rien.
296 1311 334 1364 (2
355 1312 465 1353 Rois.
486 1325 605 1364 xxm,
628 1316 688 1370 6.)
712 1333 730 1354 1>
752 1318 860 1358 C'est
881 1332 982 1359 vous
1001 1333 1083 1373 que
1105 1323 1284 1373 regarde
1312 1324 1423 1364 aussi
1453 1330 1561 1366 cette
1590 1326 1735 1379 961016

165 1375 216 1416 (16
235 1376 422 1429 1Ἀ90116
446 1391 455 1418 :
481 1395 500 1416 «
523 1381 668 1428 Quund
689 1382 768 1422 6116
789 1395 841 1423 66
862 1385 1032 1436 produit
1051 1399 1133 1438 que
1153 1388 1226 1427 des
1245 1400 1391 1428 ronces
1410 1394 1453 1431 et
1470 1390 1542 1432 des
1573 1392 1731 1444 691665,

164 1439 206 1481 16
225 1444 336 1482 terre
356 1447 418 1484 est
438 1444 714 1486 abandonnee
734 1451 775 1487 et
795 1450 1005 1501 approche
1026 1451 1076 1491 de
1097 1453 1137 1492 16
1156 1453 1426 1495 malediction
1442 1469 1452 1504 ;
1476 1458 1501 1496 6
1521 1456 1562 1497 la
1586 1457 1645 1498 fin
1677 1470 1734 1499 on

165 1517 220 1546 on
242 1518 269 1559 y
287 1513 374 1547 met
391 1508 430 1548 16
451 1509 536 1549 feu.
557 1510 701 1563 (Hebr.
725 1524 780 1561 v1,
803 1514 864 1567 8.)
884 1528 904 1551 »
931 1516 1042 1557 vous
1062 1518 1147 1557 6165
1174 1518 1343 1559 obscurs
1374 1533 1536 1562 comme
1567 1535 1626 1563 un
1657 1535 1732 1564 en·

163 1571 273 1611 droit
294 1577 466 1614 convert
485 1575 686 1628 d’epines,
709 1579 765 1618 06
785 1579 945 1620 5’6166(1
965 1593 1046 1621 666
1066 1582 1211 1623 ombre
1231 1585 1479 1626 16661116656
1500 1590 1542 1627 61
1561 1587 1634 1640 qui
1646 1591 1734 1629 sert

162 1635 214 1675 de
234 1637 405 1678 16116116
426 1652 509 1679 aux
529 1648 730 1694 56196615.
753 1644 813 1683 En
836 1645 948 1693 cffet,
971 1646 1011 1685 16
1039 1648 1171 1687 verite
1203 1662 1255 1689 66
1289 1650 1366 1690 1611
1398 1652 1518 1704 90161
1537 1665 1590 1692 66
1610 1666 1729 1704 vous,

160 1702 267 1742 mais
287 1703 345 1743 les
366 1704 556 1745 tenebres
575 1706 826 1748 interieures
845 1722 947 1749 vous
966 1715 1206 1763 661061661,
1229 1726 1351 1766 96166
1372 1729 1452 1768 (166
1485 1733 1504 1755 α
1529 1718 1636 1758 66161
1657 1719 1732 1772 (161

159 1765 250 1806 11611
268 1779 344 1807 506
362 1768 471 1809 frere
491 1775 551 1810 est
570 1771 673 1811 dans
692 1773 752 1812 165
772 1774 977 1815 16666165.
1001 1776 1035 1829 (1
1058 1777 1174 1817 Jean.
1197 1789 1242 1827 11,
1265 1780 1354 1831 9.)1›
1380 1782 1506 1822 Votre
1527 1795 1642 1823 coeur
1660 1795 1731 1824 en-

158 1831 331 1872 16661116
351 1836 392 1872 61
411 1835 590 1887 aveugle
611 1849 686 1889 961
705 1837 855 1879 l’envie
876 1853 929 1880 ou
956 1841 996 1881 16
1030 1855 1267 1895 veugeance
1299 1849 1361 1886 est
1392 1846 1431 1886 16
1462 1849 1626 1900 repaire
1657 1849 1729 1889 des

160 1896 313 1935 malins
332 1899 495 1949 esprits,
518 1901 589 1951 qui
609 1913 712 1941 vous
730 1909 926 1954 pousseut
947 1908 970 1945 6
991 1910 1107 1947 10616
1127 1910 1270 1960 659666
1291 1910 1341 1950 (16
1372 1912 1536 1953 61111165.
1561 1915 1616 1953 Le
1637 1915 1727 1954 Sei—

158 1984 1724 2012 Ἃ

159 2046 311 2074 suavem
331 2043 365 2074 et
381 2039 609 2077 odoriferum
643 2042 804 2079 fructum
838 2055 923 2081 665-
964 2046 1097 2090 verbis,
1115 2048 1354 2094 Juramentis,
1390 2051 1649 2098 blasphemiis.
1672 2056 1727 2092 Ad

159 2083 274 2120 titatis
311 2091 347 2121 et
401 2088 645 2124 continentiae
689 2090 849 2127 Domino
887 2097 921 2128 et
963 2104 1024 2129 vos
1055 2105 1143 2141 ergo
1177 2102 1318 2142 spectat
1351 2098 1476 2136 illud:
1505 2113 1518 2131 α
1543 2101 1725 2139 Praevari-

158 2130 298 2167 Cultori
321 2137 439 2169 vestro
461 2135 668 2180 producite.
959 2146 1102 2178 catores
1123 2143 1227 2188 quasi
1248 2145 1367 2191 spinae
1398 2147 1620 2192 evellentur,
1641 2160 1725 2196 quoe

205 2179 355 2221 Quarto.
386 2180 457 2217 Vos
488 2193 650 2229 quoquc,
683 2195 705 2220 o
738 2184 855 2221 invidi
885 2191 921 2222 61
959 2197 1034 2224 606
1067 2190 1250 2227 tolluntur
1283 2193 1471 2230 manibus.
1498 2195 1566 2232 Sed
1587 2197 1619 2233 si
1639 2199 1724 2244 quis

485 187 683 234 5611111116
711 164 923 230 6111166611
949 192 1077 232 Aruns
1105 201 1154 231 u
1184 202 1431 233 1511156016.

158 2225 387 2271 11661661111,
409 2229 647 2275 impatientes
667 2236 702 2267 et
731 2233 918 2277 iracundi,

157 2272 285 2310 timete
322 2276 566 2323 excisionem,
603 2280 729 2315 timete
775 2280 916 2326 ignem.

154 2320 250 2364 Quid
290 2323 393 2358 enim
430 2324 533 2360 aliud
571 2327 660 2362 65115
705 2338 768 2363 105
806 2339 915 2373 quam

154 2367 305 2405 rhamni
325 2375 360 2405 61
380 2371 499 2416 spinae
526 2373 784 2418 infructuosae,
818 2386 916 2412 non-

155 2415 228 2450 nisi
248 2416 294 2451 ad
317 2416 543 2465 laedendum,
565 2423 858 2466 eruent-andum,
881 2429 916 2459 61

154 2463 400 2508 pungendum
419 2471 529 2511 aptae,
551 2467 709 2515 ideoque
727 2470 806 2515 igni
832 2476 916 2517 post

153 2508 383 2546 excisionem
405 2512 650 2552 destinandae.
673 2518 718 2553 In
739 2529 801 2554 vos
828 2530 914 2565 ergo

153 2559 332 2602 tanquam
365 2558 493 2603 spinas
524 2563 712 2608 crepitans
730 2566 913 2611 gehcnuae

152 2602 251 2648 ignis
283 2605 433 2641 tandem
465 2609 694 2655 exardescet,
729 2614 816 2659 quia
838 2624 912 2649 666-

151 2649 252 2693 dem,
285 2651 504 2697 vindictam,
531 2662 686 2693 cruenta
714 2663 750 2695 61
778 2661 913 2698 laedcre

151 2702 239 2732 nata
276 2699 451 2741 consilia,
486 2702 590 2738 radix
627 2715 758 2750 aspera
789 2709 912 2745 cordis

152 2743 263 2779 vestri
283 2746 604 2798 producit.Verbis
623 2755 658 2787 61
677 2753 796 2799 sactis,
813 2757 909 2801 quod

150 2790 191 2826 in
212 2791 316 2827 vobls
343 2798 412 2838 651,
444 2795 537 2831 alios
567 2797 744 2844 pungitis,
768 2801 910 2839 lacera-

150 2837 211 2880 tis,
232 2848 362 2876 eorum
385 2840 578 2889 honorem,
593 2845 749 2891 samam,
770 2859 910 2887 nomen

150 2883 286 2921 laeditis
303 2892 338 2923 61
358 2890 574 2926 cruentatis.
591 2894 712 2929 Immo
728 2894 769 2930 in
785 2895 909 2942 ipsum

151 2931 268 2968 Deum
289 2934 487 2979 spinosum
507 2937 647 2983 tinguae
668 2946 797 2978 vestrae
816 2953 909 2979 acu—

149 2988 238 3016 men
257 2981 406 3018 verticis
424 2985 646 3029 procacibus
664 2987 908 3034 impatientiae

958 2247 1020 2271 665
1036 2242 1186 2283 tangere
1198 2239 1368 2284 voluerit,
1378 2241 1584 2279 armabitur
1595 2245 1722 2293 terrio,

958 2283 1117 2329 igneque
1137 2296 1329 2324 succensas
1361 2289 1632 2328 comburentur
1658 2301 1722 2330 us-

957 2341 1028 2376 que
1047 2333 1093 2368 ad
1115 2333 1291 2370 nihilum.
1318 2350 1331 2366 ι»
1356 2336 1406 2371 Ad
1430 2347 1493 2373 105
1513 2344 1656 2384 5966161
1685 2345 1723 2378 61

956 2378 1047 2414 illud
1087 2380 1252 2425 Apostoli
1277 2393 1283 2417 :
1310 2397 1322 2413 ιι
1371 2383 1484 2421 Τ61ι·6
1526 2387 1721 2431 proferens

955 2426 1082 2472 spinas
1104 2432 1138 2463 61
1159 2428 1317 2466 tribulos
1338 2431 1494 2476 reproba
1514 2438 1569 2469 est
1589 2439 1626 2471 61
1645 2445 1719 2472 ma-

955 2473 1050 2510 16610
1083 2476 1267 2521 proxima,
1301 2477 1409 2523 cujus
1440 2483 1719 2520 consummatio

954 2520 994 2556 in
1015 2522 1331 2560 combustionem.
1356 2540 1369 2559 υ
1396 2526 1468 2562 Vos
1501 2528 1618 2565 instar
1638 2531 1719 2576 spi-

954 2569 1030 2604 neti
1050 2570 1157 2614 opaci
1179 2571 1281 2614 65115,
1304 2572 1343 2608 16
1364 2583 1437 2618 quo
1459 2575 1590 2612 umbra
1622 2577 1717 2613 cali-

952 2615 1082 2661 ginosa
1102 2622 1171 2660 est,
1195 2618 1509 2659 latibulumdans
1528 2624 1717 2669 serpenti-

953 2662 1034 2698 bus.
1059 2663 1141 2700 Non
1164 2665 1263 2701 lucet
1291 2667 1393 2703 enim
1415 2670 1548 2705 veritas
1567 2670 1607 2706 in
1629 2681 1715 2707 cor-

951 2710 996 2746 de
1017 2716 1150 2755 vestro,
1165 2714 1229 2749 sed
1251 2714 1414 2751 tenebrae
1434 2717 1630 2753 interiores
1651 2728 1717 2755 vos

950 2758 1199 2802 circumdant,
1215 2761 1303 2806 quia
1327 2778 1340 2794 u
1365 2763 1428 2808 qui
1449 2764 1525 2799 odit
1546 2764 1714 2810 fratrem,

949 2805 988 2840 in
1010 2805 1174 2842 tenebris
1193 2812 1261 2843 est.
1287 2823 1300 2840 n
1325 2810 1395 2845 Cor
1427 2815 1589 2846 vestrum
1618 2812 1714 2848 cali-

948 2853 1140 2897 ginosum,
1161 2859 1194 2890 et
1215 2855 1447 2892 obcaecatum
1477 2857 1619 2894 invidia
1649 2863 1714 2896 aut

947 2900 1125 2943 vindicta,
1148 2904 1427 2948 receptaculum
1448 2909 1503 2939 est
1524 2905 1712 2951 maligno·-

947 2956 1031 2982 rum
1069 2949 1282 2994 spirituum,
1322 2951 1385 2994 qui
1424 2961 1488 2986 vos
1520 2952 1567 2987 ad
1598 2962 1713 2990 omne

949 2994 1069 3030 scelus
1090 2995 1263 3032 incitant.
1296 2997 1397 3033 Sicut
1426 2997 1488 3034 hic
1515 2999 1606 3035 dicit
1636 3000 1711 3037 Do-
