1884 3164
202 132 256 178 ΞΕ

202 217 407 266 familiers
424 236 524 265 avec
539 222 600 265 les
617 222 811 265 hommes
831 236 842 264 :
862 223 916 264 ils
933 235 978 265 se
996 223 1134 264 disent
1149 223 1374 264 serviteurs
1394 234 1556 264 comme
1575 233 1684 263 ceux
1702 221 1779 275 qni

203 294 282 332 ont
297 282 429 331 r‘endu
447 289 720 341 temoignage
737 290 763 329 3
779 289 802 330 J
805 290 915 329 esus.
930 289 1044 329 Dans
1061 288 1356 343 l'Apocalypse,
1371 288 1524 341 l'Ange
1545 288 1607 328 dit:
1625 289 1652 328 3
1669 286 1781 328 saint

202 355 311 397 scen
332 369 342 396 :
369 370 390 392 α
408 354 456 396 Je
476 355 562 395 suis
581 354 788 395 servitem·
805 365 971 395 comme
988 366 1109 403 vous,
1130 358 1173 395 et
1186 366 1349 395 comme
1367 366 1441 394 vos
1459 354 1592 394 freres
1611 353 1686 406 qui
1705 354 1781 394 out

207 421 344 462 rendu
364 419 637 472 temoignage
655 422 681 459 3
697 418 832 461 Iesus.
857 418 954 473 (xm,
979 419 1063 473 10).
1085 433 1106 458 11

259 485 368 527 C’est
387 486 494 525 donc
508 487 533 525 3
545 485 632 525 bon
651 485 764 525 droit
778 496 860 537 que
875 484 935 525 les
950 486 1109 537 Auges,
1125 486 1245 537 apres
1264 484 1306 524 13
1320 483 1628 533 Resurrection,
1647 483 1783 523 disent

205 560 293 592 aux
310 551 468 591 saintes
487 550 665 591 femmes
687 563 698 590 ε
724 564 744 588 (ι
765 551 826 589 Ν3
838 550 1035 602 craignez
1053 549 1175 602 point
1197 566 1216 587 x>
1232 549 1492 599 &este-dire,
1508 548 1677 589 suivant
1689 547 1784 588 l'in-

206 615 487 669 terpretation
507 615 559 655 de
579 614 689 655 saint
717 615 918 667 Gregoire
941 626 951 654 :
976 630 1001 652 <c
1019 614 1148 663 Qu’ils
1178 614 1419 664 tremblent‚
1441 626 1548 654 ceux
1577 613 1652 665 qui
1681 612 1784 653 n’ai·

205 683 327 722 ment
345 692 419 734 pas
440 680 482 720 13
499 692 636 721 venue
668 680 740 720 des
769 679 986 720 habitants
1019 680 1076 719 du
1108 679 1208 729 ciel;
1250 680 1374 732 qu'ils
1405 679 1640 732 craignent‚
1675 689 1783 719 ceux

206 745 296 801 qui,
317 748 477 798 presses
495 757 572 797 par
590 744 652 785 les
670 745 800 785 desirs
820 744 1028 796 eharnels,
1051 745 1320 798 desesperent
1340 744 1391 785 (13
1410 744 1590 797 pouvoir
1619 743 1783 784 arriver

206 813 262 852 e'n
299 810 392 851 leur
431 811 566 851 sainte
603 810 874 863 compagnie.
914 810 1020 852 Mais
1057 822 1175 859 vous,
1208 809 1418 863 pourquoi
1449 809 1780 862 craignez-vous,

204 874 384 929 pdisque
403 887 506 915 vous
525 887 658 927 voyez
677 887 752 915 vos
771 875 1042 928 concitoyens
1055 875 1075 914 ⁸?
1093 888 1114 913 11

263 941 359 990 Oui,
375 941 498 993 apres
511 940 553 981 13
568 940 865 981 Resurrection
880 940 935 981 du
951 940 1103 990 Christ,
1120 940 1220 981 c'est
1232 940 1481 981 3103133133
1495 940 1610 981 emes
1621 938 1785 992 pieuses

207 1005 313 1059 qu'il
331 1009 394 1046 est
407 1006 468 1045 dit
490 1017 500 1044 :
526 1020 547 1042 «
567 1006 628 1045 Ne
648 1006 847 1058 craignez
865 1006 1006 1059 point!
1028 1019 1049 1043 1)
1067 1006 1132 1046 Ε3
1144 1006 1256 1056 effet,
1269 1018 1347 1059 par
1360 1018 1405 1045 33
1418 1005 1546 1054 croix,
1563 1017 1639 1045 son
1658 1016 1782 1057 sang,

208 1070 582 1121 331133311331103,
605 1070 644 1110 13
663 1071 802 1111 Christ
827 1083 852 1111 3
880 1071 958 1111 fait
990 1070 1237 1123 disparuitre
1268 1071 1310 1111 13
1339 1071 1514 1122 31311113,
1548 1071 1607 1111 133
1640 1068 1785 1110 motifs

207 1134 261 1177 ἅθ’
279 1136 455 1185 crainte,
477 1138 532 1184 et,
557 1137 582 1175 3
600 1147 646 1175 33
663 1135 795 1188 place,
813 1136 843 1175 il
856 1148 882 1176 3
894 1136 1111 1176 3131111331·
1131 1136 1204 1177 (133
1222 1136 1341 1176 113333
1360 1136 1511 1176 solides
1533 1136 1785 1188 l’esperanee

209 1203 252 1241 et
265 1199 463 1241 l'amour.

264 1265 353 1312 Que
374 1264 656 1304 craindraient
674 1276 727 1305 en
747 1264 846 1305 effet
873 1265 933 1305 les
964 1266 1080 1306 33133
1110 1265 1302 1319 pieuses?
1320 1267 1380 1306 La
1408 1266 1542 1305 morti
1577 1263 1682 1306 Mais
1703 1279 1725 1302 «
1743 1264 1786 1305 13

210 1333 323 1371 mort
342 1342 368 1370 3
386 1332 452 1370 ete
473 1330 674 1370 absorbee
693 1330 796 1370 (1333
816 1331 857 1371 13
888 1331 1076 1371 victoire.
1099 1332 1132 1372 Ο
1163 1334 1290 1380 mort,
1313 1333 1368 1371 οὺ
1386 1333 1449 1371 est
1467 1333 1511 1371 13
1530 1328 1732 1371 victoire?
1751 1330 1785 1371 Ο

214 1399 343 1446 mort,
384 1397 440 1435 οὺ
477 1399 540 1435 est
577 1398 650 1436 ton
687 1395 923 1448 aiguillon?
955 1395 992 1449 (1
1036 1395 1132 1437 Cor.
1158 1407 1230 1446 xv,
1251 1395 1335 1449 55).
1360 1411 1382 1432 n
1401 1397 1465 1436 03
1495 1398 1557 1436 331
1587 1395 1630 1435 13
1653 1395 1783 1445 force,

210 1460 402 1513 l'empire
421 1463 464 1500 et
482 1460 524 1500 13
543 1460 750 1512 tyrannie,
773 1472 873 1501 avec
891 1461 1113 1514 lesquelles
1133 1464 1180 1501 tu
1200 1461 1398 1514 envoyais
1430 1465 1522 1500 tous
1543 1460 1602 1501 les
1619 1460 1786 1500 vivente

211 1537 297 1567 aux
315 1525 484 1566 enfers?
510 1539 530 1563 (1
550 1526 703 1566 613333
724 1526 859 1565 301331
887 1526 1068 1567 rendues
1101 1528 1126 1566 3
1155 1526 1260 1567 Dieu
1282 1526 1354 1579 qui
1386 1538 1493 1566 nous
1524 1538 1550 1566 3
1576 1526 1717 1566 donne
1745 1524 1788 1566 13

209 1589 383 1631 victoire
403 1602 479 1642 par
496 1590 772 1631 Jesus-Christ
792 1591 1174 1644 Notre-Seigneur.
1197 1590 1318 1646 (Ibid.
1339 1590 1422 1646 57).
1447 1605 1467 1630 »

264 1655 676 1696 Craindraient-elles
693 1655 732 1695 le
753 1655 914 1707 peche?
936 1657 1042 1697 Sans
1058 1656 1202 1708 deute,
1230 1673 1250 1694 «
1270 1656 1504 1709 l’aiguillon
1524 1656 1576 1697 (13
1596 1656 1637 1697 13
1655 1658 1787 1709 mort,

209 1719 309 1762 c’est
327 1720 365 1760 le
387 1720 532 1772 peche.
556 1719 674 1774 (Ibid.
698 1720 815 1774 36).»
841 1721 949 1762 C’est
968 1734 1044 1774 per
1062 1721 1346 1774 3313133111011
1368 1734 1449 1774 que
1469 1721 1508 1762 13
1527 1722 1660 1774 peche
1679 1732 1787 1762 11033

211 1785 307 1826 nuit
326 1789 366 1825 et
388 1798 492 1825 nous
513 1786 642 1838 pique
663 1798 827 1826 comme
847 1787 885 1826 le
905 1787 1099 1839 scorpion
1120 1799 1197 1839 par
1216 1787 1255 1827 13
1280 1787 1383 1827 dard
1415 1791 1457 1827 31
1476 1787 1713 1840 l'aiguillon
1733 1787 1787 1828 de

210 1859 258 1891 33
288 1862 448 1903 ([3333;
484 1850 604 1900 mais,
637 1850 676 1890 13
707 1863 815 1902 sang
846 1851 898 1892 de
932 1852 1216 1893 ,lesus-Christ
1247 1864 1272 1892 3
1303 1852 1434 1893 311333
1465 1853 1507 1893 la
1539 1853 1685 1893 3311313
1728 1852 1786 1894 du

627 144 677 176 m
703 141 911 176 nmmum
938 144 1017 176 333
1042 136 1363 176 memes-reum.

211 1993 344 2040 Augen
366 1992 454 2030 fecti
481 1997 569 2030 sunt
606 1993 827 2030 hominibus
865 1995 976 2031 iami—

211 2040 324 2078 liares
341 2057 350 2084 ς
373 2041 473 2077 unde
494 2051 597 2077 nunc
617 2041 749 2078 dicunt
769 2052 808 2078 se
828 2052 977 2078 conser-

211 2099 281 2127 vos
300 2099 430 2125 eorum
452 2089 515 2136 qui
550 2088 689 2125 hebent
721 2089 978 2126 testimonium

211 2136 314 2173 lesu.
363 2137 406 2172 ln
451 2136 672 2183 Apocalypsi
719 2137 772 2173 sic
816 2138 979 2184 loquitur

213 2183 377 2230 Angelus
402 2183 537 2220 Joenni
562 2194 570 2220 :
597 2199 610 2216 ι
653 2186 861 2221 (ἶο113311113
895 2191 980 2222 tuus

212 2241 314 2274 sum,
335 2236 370 2266 et
392 2232 547 2268 fratrum
575 2235 722 2268 tuorum
759 2232 977 2269 habentium

210 2279 471 2316 testimonium
503 2279 589 2316 lesu
628 2279 777 2315 Christi.
805 2295 817 2311 n
850 2280 979 2316 Merito

211 2335 300 2373 ergo
317 2331 399 2372 post
420 2326 745 2364 Resurrectionem
757 2327 979 2364 mulieribus

210 2372 343 2412 dicunt
367 2385 374 2411 :
420 2390 432 2406 u
485 2374 605 2412 Nolite
650 2385 909 2421 expavescere,
961 2391 975 2409 »1

211 2431 248 2506 3.
278 2421 315 2458 d.
346 2422 551 2477 interprete
594 2426 724 2459 sancto
769 2423 978 2469 Gregorio:

240 2474 374 2506 aveant
395 2471 466 2515 illi,
489 2469 550 2516 qui
575 2481 649 2506 non
678 2474 807 2506 1111111111
844 2470 979 2507 adven-

211 2519 291 2554 tum
319 2527 567 2563 supernorum
595 2517 748 2554 civium.
787 2517 980 2554 pertimes-

211 2568 314 2607 cant,
330 2565 392 2611 ([111
414 2565 631 2602 carnalibus
645 2565 841 2601 desideriis
862 2565 978 2611 pressi

210 2611 258 2649 td
282 2621 410 2649 eorum
450 2624 488 2648 se
521 2613 735 2649 societatem
769 2613 980 2659 pertingere

210 2668 321 2706 posite
340 2660 552 2707 ‹tt-«perant.
578 2660 647 2697 Vos
667 2665 792 2697 11111313
816 2670 884 2697 cur
900 2672 980 2707 per-

210 2706 421 2792 tdimencitis,
457 2708 519 2755 qui
554 2713 693 2744 vestros
724 2708 899 2745 concives
931 2708 980 2744 vi-

238 2755 309 2791 etis
325 2758 338 2791 ‚²

258 2802 363 2838 Certe
400 2801 579 2839 omnibus
618 2803 689 2848 [1113
734 2801 845 2839 modo
896 2807 979 2849 post

211 2847 347 2887 curt-u
371 2850 694 2887 Resurrectionem
722 2850 864 2887 dictum
886 2860 977 2887 cen-

212 2896 424 2934 κιαι-1111111
455 2908 463 2934 :
491 2911 504 2928 ι
530 2897 651 2935 Nolite
683 2897 827 2934 timere.
853 2912 867 2931 ι
892 2898 978 2935 Etc-

212 2943 295 2982 nim
332 2955 399 2992 per
435 2945 875 2991 Crucem‚Senguinem‚
913 2945 978 2983 iio-

1017 1994 1289 2032 surrcctionem
1300 1994 1596 2040 suamsshristus
1609 1994 1788 2033 timorem

1017 2042 1184 2089 abstulit,
1221 2043 1439 2089 timorisque
1470 2053 1617 2087 causas,
1637 2047 1674 2079 et
1706 2043 1788 2082 vioe

1017 2091 1099 2136 ejus
1143 2101 1249 2137 spem
1293 2101 1536 2137 amoremque
1591 2090 1787 2128 stabiliviu

1018 2138 1115 2182 Quid
1135 2138 1237 2175 cnim
1269 2139 1445 2174 timerent
1484 2138 1569 2184 pii?
1594 2138 1649 2174 An
1680 2148 1787 2175 mor-

1020 2190 1092 2222 tem
1111 2187 1126 2220 Ρ
1143 2186 1212 2222 Sed
1234 2185 1409 2232 absorpta
1430 2190 1484 2221 est
1506 2195 1607 2221 mors
1633 2185 1674 2222 in
1705 2186 1786 2223 vic·-

1020 2233 1125 2269 torie.
1152 2248 1165 2264 o·
1192 2232 1258 2270 Ubi
1292 2238 1345 2269 est
1378 2244 1480 2269 mers
1508 2232 1663 2269 victoria
1694 2234 1788 2270 tua?

1021 2279 1087 2318 Ubi
1108 2285 1163 2316 est
1183 2291 1284 2317 mors
1304 2280 1481 2316 stimulus
1506 2282 1623 2316 tuus?
1661 2295 1677 2315 ι
1717 2279 1787 2318 ubi

1020 2328 1132 2364 robur
1164 2332 1200 2363 et
1239 2328 1453 2364 dominium
1490 2338 1533 2364 33
1566 2327 1786 2372 crudelitas,

1019 2386 1092 2422 qun
1132 2385 1265 2411 ornnes
1305 2376 1349 2411 ud
1398 2376 1538 2412 inferos
1584 2374 1788 2413 mittebas?

1023 2437 1036 2455 ι
1062 2423 1136 2459 Deo
1156 2423 1293 2467 gratias
1313 2423 1375 2469 qui
1402 2422 1512 2459 nobis
1531 2422 1633 2459 dedit
1666 2422 1787 2460 victo-

1020 2471 1113 2507 rium
1135 2481 1199 2517 per
1222 2470 1424 2507 Dominum
1452 2475 1623 2507 nostrum
1656 2471 1788 2508 Jesum

1019 2518 1222 2554 Christum.
1248 2532 1261 2551 1
1306 2519 1359 2554 An
1392 2520 1622 2564 peccatum?
1654 2518 1788 2566 Utique

1022 2580 1035 2597 α
1059 2566 1242 2602 Stimutus
1277 2565 1407 2602 mortis
1438 2570 1634 2612 peccatum
1673 2570 1743 2611 est,
1767 2579 1785 2598 ι

1020 2623 1084 2659 per
1104 2623 1215 2660 quem
1238 2614 1426 2660 pru-cipue
1459 2613 1569 2650 nobis
1600 2616 1713 2651 nocet.
1749 2616 1788 2650 et

1019 2661 1166 2707 pungit,
1194 2670 1300 2708 quusi
1338 2661 1508 2707 scorpius
1541 2661 1670 2698 eaudae
1707 2669 1788 2697 suae

1017 2708 1148 2744 aculeo
1169 2713 1200 2744 et
1225 2709 1392 2745 stimulo.
1419 2708 1552 2746 Verum
1568 2718 1633 2756 per
1647 2707 1789 2746 Christi

1019 2756 1240 2800 sanguinem
1298 2756 1464 2793 deletum
1524 2760 1581 2793 est
1640 2754 1788 2802 [1333311

1018 2803 1336 2849 chyrographum,
1352 2808 1387 2840 et
1407 2803 1562 2841 uiiixum
1584 2807 1640 2840 est
1658 2801 1786 2849 Cruci,

1019 2855 1057 2887 ut
1084 2851 1163 2897 jum
1198 2851 1292 2887 nihil
1328 2852 1486 2888 timeant
1543 2850 1580 2887 ui
1619 2850 1787 2887 militant

1017 2897 1086 2935 sub
1122 2899 1208 2935 lesu
1248 2899 1394 2936 Christo
1427 2898 1614 2936 Cruciixo
1646 2901 1684 2934 et.
1713 2896 1786 2935 sub

1017 2945 1146 2984 Crucis
1178 2946 1328 2984 vexillo.
1375 2947 1432 2985 An
1473 2946 1569 2983 sorte
1616 2944 1786 2984 timenda
