1826 3164
421 141 640 182 norsmn
667 150 880 182 umacus
907 143 1036 182 Aruns
1063 152 1115 182 u
1148 152 1398 184 »narseum-13.
1614 147 1695 190 ms

119 228 240 270 nuait
259 228 510 269 doucement
542 227 648 268 dans
676 228 771 270 leur
801 228 1059 279 familiarite,
1082 230 1113 270 il
1133 230 1264 270 vivait
1292 243 1393 272 avec
1413 245 1513 284 eux,
1530 235 1695 288 malgre

120 292 234 335 leurs
252 292 415 346 peones,
439 291 703 334 dissimulant
722 292 761 334 le
781 293 893 334 desir
912 294 1014 347 qu'il
1034 295 1149 335 avait
1168 296 1220 335 de
1249 295 1309 336 les
1339 299 1498 348 guerir.
1523 299 1691 340 L’habi·

119 358 222 399 tude
241 361 282 398 et
301 357 342 397 la
359 356 552 410 politesse
585 358 912 410 apprivoisaient
942 371 1009 399 ces
1042 360 1206 411 esprits,
1228 365 1270 400 et
1303 373 1385 414 peu
1419 364 1443 402 a
1476 375 1556 415 peu
1590 364 1620 404 il
1651 377 1695 405 58

120 422 275 476 frayait
295 434 351 462 un
372 421 537 462 chemin
557 434 665 476 pour
696 423 840 476 guerir
871 424 964 464 leur
995 425 1081 464 mal
1114 425 1317 475 invetere,
1339 429 1478 467 tantot
1510 440 1563 468 en
1602 429 1695 470 leur

119 487 340 540 suppetant
358 486 547 528 combien
570 488 631 527 les
648 487 726 528 lois
744 488 908 529 divines
927 489 1087 530 etaient
1103 490 1333 531 contraires
1347 494 1373 531 ὀ,
1391 492 1482 532 leur
1506 493 1692 535 muniere

118 552 173 594 de
187 551 301 592 vivre
321 552 566 602 criminelle,
579 554 715 594 tantOt
733 565 787 594 en
808 553 899 594 leur
919 555 1126 607 inspirant
1145 555 1186 595 la
1199 556 1359 596 crainte
1373 557 1423 596 de
1440 558 1544 599 Dieu
1557 571 1635 611 par
1650 559 1689 599 ln

117 617 450 670 representation
484 617 557 658 des
584 618 722 658 divers
753 619 926 659 hssards
957 620 1010 659 de
1039 620 1080 660 la
1112 620 1177 660 vie
1207 621 1425 662 humaiue.
1446 624 1523 663 Les
1542 624 1692 677 esprits

116 682 234 723 etant
265 681 370 721 ainsi
402 684 613 735 prepares,
634 683 664 723 11
698 683 790 725 leur
820 684 984 725 tendait
1015 685 1056 724 la
1088 685 1218 734 main,
1241 688 1433 727 coartant
1465 688 1591 729 d’eux
1631 689 1692 730 le·

115 749 264 799 appats
283 749 325 786 et
345 747 526 798 cignant
547 759 650 789 avec
669 748 817 790 l’huile
850 749 902 789 de
933 749 974 789 la
1005 750 1273 791 misericorde
1306 751 1447 792 divine
1478 754 1538 793 los
1558 754 1691 807 plaies

115 814 331 853 rouvertes
350 812 401 852 de
419 811 461 852 la
481 814 735 854 conscience.
753 814 934 854 Ecoutez
953 827 1010 854 un
1033 814 1108 855 fait
1127 827 1179 856 en
1198 817 1454 868 particulier.
1470 820 1534 859 Un
1550 819 1688 860 soldat

115 875 306 916 criminel
330 888 380 916 ne
400 877 536 917 s’etait
554 890 629 931 pas
648 879 835 919 confesse
857 879 1003 932 depuis
1024 881 1274 932 vingt-deux
1294 894 1384 922 ane.
1407 883 1561 923 Xavier
1582 897 1688 924 vou—

54 950 57 954 ’
116 940 178 981 lut
198 940 343 981 l’avoir
364 954 468 994 pour
488 955 756 996 compagnon
775 944 881 984 dans
913 957 996 985 une
1016 948 1240 986 traversee.
1264 947 1295 987 ll
1316 960 1367 987 en
1392 949 1501 988 usait
1540 961 1690 991 envers

116 1004 176 1045 lui
206 1018 306 1047 avec
338 1019 420 1047 une
451 1008 646 1060 politesse
678 1011 882 1058 extreme,
905 1009 935 1049 11
960 1011 1097 1062 jouait
1130 1023 1214 1051 aux
1245 1016 1379 1052 cartes
1412 1026 1511 1054 avec
1550 1014 1623 1064 lui,
1646 1021 1688 1055 et

113 1070 285 1120 18011811,
307 1084 383 1125 par
403 1076 539 1113 tontes
558 1076 691 1114 sortes
710 1074 762 1114 de
780 1074 886 1115 bons
906 1075 1063 1124 offic-es,
1086 1077 1137 1115 de
1171 1076 1373 1117 l’amener
1393 1079 1418 1118 ὰ
1447 1091 1491 1118 58
1522 1080 1686 1120 confes-

114 1146 196 1182 ser,
217 1139 260 1176 et
278 1136 328 1176 de
361 1137 399 1176 le
420 1149 615 1179 ramener
636 1139 741 1179 dans
760 1139 800 1180 le
819 1140 984 1180 chemin
1006 1141 1061 1180 du
1095 1142 1219 1181 salut.
1241 1143 1350 1183 C’est
1368 1156 1414 1184 ce
1435 1145 1507 1196 qui
1527 1146 1683 1186 arriva.

114 1201 261 1248 Quand
285 1201 323 1241 18
341 1201 476 1242 soldat
495 1206 567 1243 eut
597 1204 751 1244 acheve
784 1218 828 1245 sa
860 1206 1113 1254 contession,
1137 1208 1290 1247 Xavier
1323 1208 1383 1248 lui
1414 1210 1606 1250 ordonna
1626 1210 1682 1251 de

114 1265 264 1305 reciter
283 1279 341 1306 un
362 1266 488 1307 Pater
507 1272 548 1308 et
570 1282 626 1309 un
645 1273 745 1321 Ave,
769 1274 1028 1322 promettant
1048 1272 1151 1324 qu'il
1181 1273 1374 1313 satisfera
1406 1276 1431 1313 a
1464 1275 1566 1314 Dieu
1597 1277 1622 1315 ὁ,
1639 1288 1687 1316 sa

112 1330 246 1383 place.
269 1331 381 1380 Puis,
404 1333 442 1373 le
471 1334 583 1373 saint
614 1334 785 1375 homme
816 1347 860 1375 58
893 1336 964 1375 bat
985 1336 1186 1389 jusqu'au
1216 1350 1325 1390 sang
1354 1351 1454 1378 avec
1486 1352 1542 1379 un
1566 1340 1683 1381 fouet.

114 1397 231 1435 arme
252 1396 301 1435 de
320 1397 483 1449 pointes
513 1410 565 1438 en
597 1399 673 1439 fer.
709 1402 766 1440 Le
795 1401 930 1440 soldat
961 1413 1011 1440 en
1043 1402 1109 1441 fut
1140 1402 1174 1441 si
1206 1404 1358 1443 touche
1390 1403 1495 1456 qu'il
1514 1404 1579 1444 fut
1600 1405 1685 1457 pris

114 1459 216 1500 d’un
248 1463 383 1513 grand
421 1464 506 1503 zele
537 1476 644 1517 pour
673 1465 712 1504 la
744 1466 963 1518 penitence
996 1470 1037 1506 et
1065 1467 1268 1507 s'ailonna
1296 1471 1320 1508 a
1359 1469 1431 1508 des
1463 1471 1685 1511 austerites

113 1525 366 1568 volontaires
397 1540 504 1580 pour
540 1529 693 1570 effacer
723 1531 782 1570 les
812 1531 1035 1571 souillures
1065 1532 1118 1572 de
1148 1544 1193 1572 sa
1226 1533 1291 1573 vie
1322 1537 1482 1585 passee.
1517 1549 1536 1572 u
1576 1536 1684 1575 C'est

114 1590 221 1630 ainsi
251 1604 332 1644 que
363 1605 409 1633 ce
441 1594 736 1635 Bienheureux
765 1608 952 1646 ramena,
986 1599 1011 1636 a
1042 1596 1263 1650 l'exemple
1295 1598 1367 1639 des
1399 1603 1588 1652 pasteurs
1630 1600 1684 1641 de

113 1653 423 1709 1·fflangile,la
453 1658 591 1699 brebis
622 1662 771 1712 egeree
801 1673 872 1701 sur
902 1674 967 1701 ses
998 1662 1182 1714 8000185,
1204 1675 1258 1703 en
1291 1667 1463 1715 portant
1495 1677 1560 1705 ses
1589 1665 1678 1706 fn-

112 1719 264 1762 deaux.

167 1787 535 1838 Semblablcment‚
557 1790 668 1830 saint
700 1791 869 1832 Chai—les
902 1792 1140 1841 Borromee,
1172 1798 1301 1845 ayant
1330 1794 1380 1832 de
1410 1795 1683 1835 nombrcuses

113 1850 284 1891 ouailles
303 1852 408 1894 daus
427 1867 502 1897 son
522 1854 684 1895 diocese
705 1857 776 1908 qui
797 1857 982 1896 vivaient
1002 1859 1137 1910 parmi
1171 1858 1229 1898 les
1260 1862 1514 1912 montagnes
1544 1868 1587 1901 et
1618 1861 1677 1900 les

113 1915 255 1964 foi-ets,
277 1917 528 1958 considet-nit
556 1932 636 1972 que
666 1932 711 1960 ce
745 1925 949 1974 troupeau
982 1927 1023 1962 et
1057 1936 1122 1963 ees
1153 1924 1290 1964 brebis
1321 1925 1381 1964 lui
1414 1926 1584 1965 avaient
1615 1928 1682 1967 cte

114 2054 190 2086 tem
229 2051 445 2099 insinuare,
479 2054 657 2097 inescatis
697 2057 875 2092 convive-
916 2058 1195 2094 confessionem
1217 2059 1427 2102 induceret,
1449 2065 1484 2095 et
1514 2061 1553 2096 in
1582 2060 1681 2097 viam

114 2104 167 2137 rc.
210 2099 385 2136 medendi
425 2101 654 2139 voluntatem
695 2104 875 2140 dissimu-
915 2105 1047 2141 salutis
1104 2111 1307 2142 revocaret.
1361 2107 1467 2150 Quod
1527 2108 1678 2144 accidit.

113 2143 218 2189 lans;
241 2146 329 2183 inde
350 2158 418 2184 usu
445 2153 480 2185 et
500 2149 675 2186 comitate
690 2151 877 2188 devinctis
916 2152 1072 2188 Militem
1107 2154 1345 2189 confessione
1378 2159 1527 2200 peracta
1559 2155 1677 2192 semel

112 2192 267 2236 animis,
288 2196 429 2232 sensim
449 2196 496 2232 ad
525 2197 719 2234 inveterati
755 2199 875 2235 morbi

113 2240 363 2288 curationem,
415 2243 486 2280 sibi
544 2246 639 2282 viam
700 2246 873 2292 faciebat,

112 2287 227 2324 modo
276 2290 414 2327 divinis
469 2292 616 2338 legibus
672 2295 875 2341 propositis

113 2335 253 2389 flag-itia
283 2338 499 2384 ostendens,
535 2341 646 2377 modo
679 2341 874 2378 intentatis

112 2390 226 2418 varus
265 2382 441 2422 humanae
479 2387 563 2424 vitae
601 2388 765 2432 casibus,
807 2390 871 2426 Dei

114 2432 295 2467 terrorem
333 2432 536 2470 incutiens.
576 2435 636 2472 Sic
680 2436 873 2473 mentibus

113 2478 332 2522 praeparatis
351 2489 505 2517 manum
526 2482 760 2527 admovebat,
785 2485 871 2521 ille-

115 2519 246 2558 cebras
274 2535 472 2577 removens
503 2528 550 2565 ab
581 2530 650 2575 eis,
682 2536 716 2567 et
749 2542 872 2569 recru-

115 2568 307 2623 descentia
334 2574 577 2613 conscientiae
601 2578 756 2615 vulnera
781 2579 872 2616 divi-

115 2625 177 2652 nae
196 2618 461 2656 misericordias
480 2622 562 2659 oleo
574 2623 774 2662 deliniens.

160 2663 258 2717 Ἀμάἰ
307 2665 373 2720 in·
395 2669 622 2714 particulari.
665 2673 868 2710 Scelestum

115 2710 278 2748 militem
313 2723 376 2758 qut
409 2714 487 2760 jam
525 2717 869 2766 duodevigesimum

115 2767 262 2811 annum
289 2760 526 2800 confessione
551 2764 794 2811 abstinuerat,
814 2779 871 2806 so·

115 2813 219 2859 ctum
256 2807 506 2854 navigationis
538 2811 676 2850 habere
719 2815 867 2852 voluit:

116 2856 292 2890 comitate
311 2854 351 2890 in
384 2865 470 2893 eum
490 2861 599 2899 utens
630 2861 795 2897 maxima
815 2862 868 2899 lu—

115 2898 220 2953 dent-i
247 2901 447 2949 assidebat,
478 2905 728 2953 omnibusque
765 2909 867 2946 obse-

117 2945 218 2992 quiis
272 2948 547 3000 demerebatur,
584 2957 625 2991 ut
669 2955 780 2993 illum
820 2958 867 2995 ad

916 2200 1021 2236 Pater
1041 2204 1077 2235 et
1098 2201 1170 2236 Ave
1191 2201 1348 2237 recitare
1378 2202 1504 2247 jussit,
1527 2202 1679 2248 pollici-

916 2252 974 2283 tus
992 2258 1031 2283 se
1051 2259 1119 2293 pro
1138 2248 1204 2284 illo
1229 2249 1302 2285 Deo
1324 2250 1620 2294 satisfacturum,
1640 2255 1677 2287 et

914 2294 964 2330 ita
982 2296 1153 2332 aculeato
1186 2296 1334 2342 flagello
1370 2307 1409 2332 se
1443 2307 1510 2343 pro
1537 2297 1605 2334 illo
1626 2298 1680 2334 vir

912 2347 1065 2378 sanctus
1084 2343 1131 2378 ad
1151 2345 1376 2389 sanguinem
1401 2354 1518 2390 usque
1546 2344 1671 2382 verbe-

913 2390 1018 2426 ravit.
1042 2391 1123 2434 Qua
1154 2401 1193 2427 re
1226 2391 1275 2427 ita
1308 2395 1428 2428 flexus
1460 2396 1516 2428 est
1547 2392 1681 2430 militis

910 2438 1077 2481 animus,
1119 2443 1157 2474 ut
1213 2439 1381 2475 studium
1438 2439 1674 2485 poenitentiae

910 2486 1122 2531 amplexus,
1146 2486 1367 2522 voluntariis
1400 2497 1440 2522 se
1465 2488 1588 2533 poenis
1607 2487 1663 2524 ad·

910 2532 1052 2569 diceret
1082 2534 1128 2568 ad
1162 2534 1342 2570 eluendas
1373 2539 1555 2571 anteactae
1590 2535 1675 2572 vitae

910 2581 1052 2617 sordes.
1079 2581 1140 2617 Sic
1178 2591 1266 2626 ergo
1307 2581 1435 2618 beatus
1465 2581 1521 2618 vir
1553 2583 1671 2619 instar

912 2627 1071 2664 Pastoris
1104 2628 1318 2673 Evangelici
1353 2629 1450 2666 banc
1482 2640 1590 2666 ovem
1616 2640 1676 2665 er-

909 2680 1054 2711 rantem
1090 2676 1168 2711 suis
1206 2677 1376 2713 humeris
1408 2677 1569 2720 reduxit,
1591 2677 1676 2723 ejus

908 2732 1024 2759 onera
1046 2727 1213 2769 portans.

955 2770 1136 2806 Similiter
1174 2776 1327 2807 sanctus
1360 2771 1515 2807 Carolus
1547 2772 1673 2807 Borro·

908 2827 1041 2862 maeuS,
1061 2828 1149 2854 cum
1182 2829 1423 2855 numerosam
1445 2818 1587 2864 prolem
1611 2817 1673 2854 ba-

908 2863 1009 2901 beret
1029 2866 1070 2901 in
1090 2875 1156 2901 sua
1175 2866 1329 2902 dioecesi
1349 2867 1447 2902 inter
1467 2868 1616 2901 montes
1636 2869 1673 2901 et

906 2912 1018 2948 silvas
1036 2913 1310 2956 demorantem,
1321 2911 1674 2949 considerabatesse

904 2969 1054 3007 gregem
1078 2964 1114 2997 et
1145 2971 1233 2998 oves
1257 2971 1281 2998 a
1311 2968 1488 3006 supremo
1520 2958 1674 2997 Pastore
