1832 3172
639 0 666 32 ε-
680 0 926 38 18781181.-
949 0 1056 34 :-·.---·

15 0 227 84 &Usu-³
261 0 279 15 ‘¹
396 0 416 31 f»
445 0 634 34 κῆεν·
669 11 675 24 ·

55 266 58 267 ⁷
81 263 270 309 vivaient
293 275 349 306 88
379 275 426 305 ce
458 262 713 304 monastero.
734 260 844 302 G’cst
875 260 985 301 ainai
1015 271 1099 314 que
1129 271 1237 301 11085
1265 271 1457 312 pouvons
1486 259 1577 302 dire
1607 261 1662 304 (18

81 332 191 371 88118
215 329 352 375 sainte
381 328 527 379 vIerge
558 331 601 367 et
630 328 820 379 martyre
851 337 899 367 88
931 337 1013 379 que
1044 324 1084 366 18
1115 326 1228 378 Sage
1257 323 1319 366 dit
1349 323 1402 364 de
1432 324 1475 364 la
1504 325 1662 368 femma

82 394 193 436 forte
214 406 226 435 ε
245 408 265 433 α
285 394 376 434 Eue
394 404 421 433 a
440 396 589 432 ouvert
615 403 661 431 sa
692 391 809 431 main
845 403 899 431 88
930 403 1105 444 pauvre,
1127 390 1206 431 elle
1237 402 1264 430 a
1293 390 1425 430 tendu
1457 401 1520 430 588
1552 391 1666 432 deux

82 459 221 502 mains
237 461 264 499 8
282 457 522 511 l'indigent.
539 459 599 498 La
618 457 774 497 femme
790 456 861 510 qui
876 455 1012 496 craint
1026 456 1131 496 Dieu
1146 468 1239 496 sera
1251 455 1440 496 comblee
1453 455 1667 497 (1810888-

83 537 172 579 385.
193 523 448 565 Donnez-lui
468 523 507 563 18
529 522 634 563 fruit
653 522 704 562 de
725 534 790 563 ses
810 522 962 572 mains,
979 524 1023 563 et
1041 533 1104 562 ses
1118 533 1283 562 oeuvres
1301 520 1344 561 18
1362 521 1559 562 10881081
1579 533 1666 563 aux

80 591 222 644 portes
239 588 292 629 de
310 588 351 628 18
370 587 486 628 vllle.
512 587 651 642 (Prov.
674 598 759 636 11111,
780 589 849 638 29,
872 589 925 628 30
945 590 987 627 81
1005 586 1090 640 31).

31 649 34 659 ’
135 653 244 696 C’est
275 653 383 694 ainsi
417 665 499 707 que
530 654 569 693 le
605 653 832 705 Seigneur,
856 653 1011 693 devant
1042 655 1149 692 cette
1180 652 1319 704 priere
1349 653 1663 703 perseverante,

84 718 168 761 tint
187 731 233 760 sa
250 731 466 772 promesse
490 732 499 759 :
522 735 542 755 «
563 720 766 771 Frappez,
789 721 830 758 81
851 718 880 757 11
902 730 1003 758 vous
1027 729 1120 758 sera
1144 721 1308 758 ouvert.
1328 731 1349 755 n
1374 719 1451 758 Les
1468 718 1578 760 Juifs
1597 718 1663 759 di-

14 778 33 835 ζ1
80 787 174 827 5881
194 796 292 838 que,
315 784 484 836 lorsque
506 783 703 824 Salomon
724 795 898 823 18818118
919 783 1075 824 l’arehe
1094 782 1200 823 (1885
1230 783 1270 823 18
1300 783 1458 835 temple
1474 784 1670 825 merveil-

15 865 27 894 ;·
79 849 185 891 leux
204 849 308 903 qu’il
328 850 443 889 avait
461 849 603 899 edific,
624 848 683 889 les
703 854 843 901 portes
870 849 920 888 de
944 861 989 889 88
1011 849 1167 901 temple
1187 859 1231 888 se
1251 848 1482 889 fermerent
1502 848 1666 890 d’elles-

80 915 257 964 memeS,
280 917 321 954 et
343 926 439 967 que,
462 914 630 967 lorsque
651 915 710 954 les
741 915 903 966 pretres
923 914 1174 955 chanterent
1193 925 1238 954 ce
1258 916 1395 953 verset
1417 926 1427 953 :
1448 929 1468 952 (ι
1488 916 1523 955 Α
1543 926 1667 956 cause

16 983 17 988 ’
81 979 132 1020 (18
154 980 288 1021 David
316 983 435 1020 votre
470 979 690 1029 serviteur,
715 991 767 1018 ne
799 980 954 1031 rejetez
987 991 1060 1031 pas
1093 984 1207 1020 votre
1240 980 1392 1029 Christ,
1417 978 1500 1032 (Ps.
1525 991 1664 1032 cxxxx,

83 1043 166 1098 10.)
184 1060 204 1082 »
227 1045 328 1085 elles
348 1057 390 1085 se
411 1044 652 1085 rouvrirent
673 1047 1008 1097 spontauement‚
1031 1057 1124 1084 sans
1145 1056 1226 1097 que
1252 1057 1460 1098 personne
1478 1058 1506 1096 y
1526 1046 1606 1086 mit
1624 1045 1666 1087 18

80 1111 214 1152 main.
236 1111 312 1151 Ces
331 1110 430 1150 faits
448 1113 543 1150 sont
576 1110 819 1159 1888118185,
843 1111 961 1159 mais,
984 1123 1029 1150 88
1062 1110 1135 1163 qui
1167 1115 1230 1150 851
1252 1110 1429 1159 certain,
1451 1110 1551 1151 c'est
1582 1123 1667 1164 que

80 1175 124 1216 18
142 1178 263 1229 porte
284 1175 340 1215 du
360 1175 451 1226 ciel,
478 1187 559 1229 que
579 1176 618 1215 18
638 1176 768 1228 peche
790 1188 896 1215 nous
926 1188 952 1215 8
983 1176 1156 1225 fermee,
1176 1176 1341 1216 s’ouvre
1373 1176 1531 1216 devant
1560 1187 1668 1217 ceux

82 1241 155 1294 qui
174 1241 389 1294 1181111881,
411 1253 495 1281 non
529 1241 648 1293 point
679 1254 774 1280 sous
796 1240 949 1281 l’effort
968 1241 1020 1282 de
1039 1241 1131 1281 leur
1159 1240 1375 1293 puissanee
1395 1242 1419 1280 8
1438 1254 1536 1291 8811,
1558 1241 1667 1283 mais

81 1306 238 1347 devant
256 1305 317 1346 les
336 1306 507 1346 merites
529 1306 583 1346 du
604 1306 757 1356 Christ,
782 1306 869 1358 qui,
891 1308 916 1346 8
935 1318 1059 1346 rause
1088 1307 1140 1346 de
1169 1309 1289 1346 notre
1309 1306 1531 1358 penitence
1551 1310 1595 1348 et
1612 1308 1666 1348 de

84 1374 207 1412 notre
240 1371 394 1424 priere,
417 1374 614 1411 retourne
646 1384 798 1411 encore
831 1384 924 1411 vers
958 1384 1063 1411 nous
1101 1372 1143 1411 18
1175 1372 1265 1412 face
1303 1372 1667 1415 misericordieuse

85 1436 259 1490 qu’ilen
291 1436 407 1476 avait
438 1436 667 1477 detournee
696 1438 721 1476 8
753 1449 877 1476 cause
897 1437 948 1476 (18
969 1449 1043 1476 nos
1062 1437 1230 1490 peches.
1251 1439 1308 1478 Le
1339 1439 1443 1478 Pete
1476 1438 1667 1492 Eternel,

81 1502 316 1554 regardant
335 1504 442 1541 cette
464 1501 570 1549 face,
593 1513 699 1541 nous
729 1502 904 1542 aet-orde
937 1505 1029 1541 tout
1060 1514 1105 1542 ce
1139 1514 1220 1554 que
1249 1514 1356 1542 nous
1386 1503 1666 1556 demandons,

24 1607 30 1622 Ἴ,
82 1570 127 1607 81
146 1566 245 1608 e'est
266 1567 476 1620 pout-quoi
497 1566 525 1606 il
546 1569 607 1606 851
629 1566 715 1606 dit:
735 1568 766 1607 Ο
787 1568 911 1617 Dieu,
928 1570 1050 1607 notre
1070 1570 1324 1620 protenzteur,
1342 1568 1453 1620 jetez
1473 1568 1534 1610 les
1552 1581 1668 1622 yeux

84 1644 157 1673 sur
177 1644 283 1673 nous
313 1636 356 1672 et
387 1631 590 1684 regardez
625 1632 667 1671 la
702 1632 791 1672 face
825 1633 876 1673 de
909 1638 1028 1673 votre
1061 1632 1213 1673 Christ.
1239 1632 1322 1686 (Ps.
1344 1645 1517 1683 Lxxxnl,
1542 1635 1662 1688 10.)»

35 1709 41 1721 ·
81 1697 191 1740 c'est
210 1697 422 1751 pourquoi
443 1698 554 1737 aussi
574 1710 681 1737 nous
701 1698 843 1738 disons
867 1699 891 1738 ἐι
911 1698 995 1738 bon
1028 1698 1139 1739 (11011
1161 1711 1171 1738 :
1198 1713 1217 1736 (ι
1237 1698 1343 1739 Beni
1363 1699 1445 1740 soit
1466 1701 1572 1741 Dieu
1593 1700 1668 1755 qui

30 1763 34 1778 ²
79 1761 151 1804 n’a
168 1775 244 1816 pas
262 1762 396 1816 rejete
419 1775 488 1803 818
508 1763 647 1815 priere
667 1767 710 1803 81
730 1775 782 1803 88
804 1763 887 1804 111’8
909 1763 1029 1816 point
1048 1764 1186 1804 refuse
1206 1776 1251 1805 sa
1270 1763 1555 1807 misericorde.
1579 1765 1667 1821 (Ps.

55 1834 175 1878 ’1.1111,
197 1829 248 1870 18
267 1831 310 1868 81
330 1827 411 1881 19.)
432 1845 450 1864 n
474 1828 519 1869 Si
540 1832 661 1869 notre
685 1829 824 1881 priere
844 1833 905 1870 est
925 1831 1235 1882 perseverante,
1258 1829 1299 1869 la
1319 1830 1589 1872 misericorde
1612 1844 1668 1873 88

82 1893 162 1940 fait
176 1893 333 1946 ,18111815
354 1894 516 1934 detaut.

627 170 751 216 181811
778 156 855 214 1185
883 182 1124 216 noca-nous.

129 2040 276 2079 Obtulit
318 2051 405 2087 ergo
450 2041 531 2088 ipsa
592 2041 850 2079 haereditatem

81 2099 197 2136 quam
217 2087 378 2125 habebat
398 2089 438 2126 in
460 2089 554 2135 Pago
574 2090 620 2126 (18
641 2090 789 2126 Saintes
813 2091 849 2126 in

79 2137 307 2174 alimentum
350 2137 573 2173 Sanctorum
619 2137 670 2173 ibi
713 2138 851 2182 degen-

892 2042 1025 2079 l'aeiem
1058 2042 1195 2079 Christi
1234 2043 1302 2087 tui,
1340 2058 1354 2076 υ
1390 2044 1515 2081 statim
1547 2045 1664 2085 etiam

891 2091 988 2127 ultro
1027 2096 1210 2127 reseratas
1246 2091 1363 2128 fuisse
1408 2096 1444 2128 81
1493 2098 1656 2139 apertas,

892 2138 1043 2174 nemine
1089 2149 1246 2175 manum
1299 2139 1517 2176 adhibente.
1572 2141 1660 2179 Haec

82 2184 193 2221 118111.
213 2184 274 2220 Sic
293 2184 340 2220 de
364 2189 494 2221 saneta
523 2184 591 2220 hac
624 2185 780 2231 Virgine
816 2191 850 2220 et

82 2231 247 2277 Martyre
278 2231 403 2268 dicere
436 2242 650 2278 possumus,
685 2233 783 2279 quod
805 2233 851 2268 de

81 2279 242 2317 muliere
269 2279 354 2316 sorti
385 2279 474 2316 dicit
507 2280 663 2326 Sapiens
688 2291 696 2317 :
724 2296 736 2311 α
770 2280 849 2316 1111-

81 2336 178 2365 num
197 2336 304 2363 suam
325 2328 470 2373 aperuit
491 2327 611 2373 inopi,
633 2332 668 2364 81
705 2328 851 2373 patinas

83 2383 172 2411 suas
199 2374 368 2411 extendit
394 2375 441 2411 ad
474 2385 692 2421 pauperem.
718 2375 852 2412 Mulier

82 2421 225 2458 timens
258 2421 461 2459 Dominum
501 2423 582 2468 ipsa
620 2422 849 2466 laudabitur,

84 2467 170 2506 date
190 2468 223 2504 81
244 2468 290 2505 (18
310 2468 432 2506 fructu
462 2480 647 2507 manuum
679 2481 850 2513 suarum,

85 2519 122 2570 et
166 2515 322 2552 laudent
370 2527 454 2553 eam
497 2518 538 2553 in
581 2518 700 2564 portis
738 2528 852 2564 opera

84 2572 180 2609 ejus.
206 2578 220 2596 »

133 2609 194 2646 Sic
212 2609 430 2656 adimplevit
461 2610 509 2648 ob
548 2617 852 2658 perseverantem

83 2657 299 2694 orationem
347 2658 608 2695 romissionem
641 2670 748 2695 suam
777 2660 851 2696 Do-

83 2704 241 2742 minus:
267 2718 281 2737 «
348 2704 466 2741 815818
497 2710 533 2742 81
566 2707 754 2752 aperietur
785 2718 851 2743 vo-

85 2750 159 2789 his.
183 2767 197 2786 »
224 2751 360 2788 Dicunt
382 2751 543 2798 Hebraei,
563 2763 652 2790 eum
671 2754 851 2791 Salomon

84 2799 281 2837 reduceret
300 2800 434 2836 Aream
465 2800 506 2836 in
543 2801 729 2847 templum
759 2813 781 2838 8
813 2813 853 2838 58

84 2847 182 2884 mire
206 2846 471 2891 fabrefactum,
493 2847 617 2884 valvas
637 2847 719 2894 ejus
753 2849 852 2886 ultro

85 2893 236 2932 clausas
268 2894 398 2931 fuisse.
434 2894 506 2931 Sed
543 2895 634 2932 dum
671 2901 852 2933 canerent

22 2946 27 2994 ξ
85 2941 306 2983 Sacerdotes
325 2952 474 2979 versum
495 2942 605 2979 illum
627 2953 636 2980 :
662 2955 678 2976 κ
699 2944 852 2990 Propter

23 2998 54 3039 ρ,
85 2987 205 3027 David
248 2999 398 3028 servum
441 2994 549 3028 tuum
585 3001 665 3029 non
707 2995 852 3030 avertas

890 2186 1043 2231 quidem
1064 2186 1207 2222 incerta
1226 2191 1328 2231 sunl,
1350 2187 1446 2223 illud
1468 2198 1554 2224 vero
1573 2198 1660 2226 cer-

891 2238 985 2275 tum,
1007 2234 1146 2270 ostium
1167 2234 1255 2270 81811
1276 2234 1376 2280 quod
1397 2234 1506 2271 nobis
1526 2236 1661 2273 occlu-

890 2281 992 2316 ditur
1035 2280 1082 2316 ob
1128 2286 1341 2327 peecatum,
1388 2292 1476 2319 111011
1521 2284 1666 2330 aperiri

891 2328 1144 2374 pulsantibus,
1166 2339 1245 2365 808
1278 2340 1343 2376 per
1375 2330 1473 2366 vires
1511 2341 1664 2378 eorum,

891 2376 955 2411 sed
976 2380 1126 2422 propter
1148 2376 1284 2412 faciem
1298 2382 1334 2413 et
1354 2377 1489 2414 merita
1505 2379 1661 2424 Christi,

890 2424 982 2459 dum
1004 2423 1109 2460 illam
1130 2423 1266 2461 faciem
1288 2435 1395 2461 suam
1411 2424 1618 2473 benignam
1638 2438 1661 2464 a

892 2470 1002 2507 nobis
1021 2482 1190 2507 aversam
1227 2471 1275 2508 ob
1314 2477 1482 2519 peecata,
1520 2474 1661 2512 ilerum

890 2518 936 2554 ad
959 2529 1028 2554 nos
1047 2519 1234 2555 convertit
1259 2518 1307 2555 ob
1339 2520 1605 2566 poenitentiam
1624 2527 1663 2560 81

890 2566 1102 2603 orationem
1147 2572 1343 2611 nostram,
1379 2568 1422 2605 in
1473 2569 1658 2618 illamque

892 2612 1098 2659 respiciens
1152 2614 1257 2651 Pater
1314 2620 1478 2652 aeleruus
1527 2619 1661 2656 omnia

892 2661 1078 2706 postulata
1106 2661 1217 2698 nobis
1254 2663 1444 2708 concedit,
1474 2666 1575 2702 unde
1610 2666 1662 2703 il-

892 2708 955 2744 lud
973 2718 981 2744 :
1002 2723 1015 2740 α
1035 2708 1225 2746 Protector
1243 2714 1369 2747 noster
1387 2711 1529 2758 aspice,
1547 2714 1663 2760 Deus,

891 2759 926 2791 81
958 2756 1103 2802 respice
1129 2757 1171 2793 iu
1207 2756 1345 2795 faciem
1375 2759 1513 2796 Christi
1547 2762 1614 2798 tui.
1641 2776 1655 2794 ι

891 2804 1124 2852 Quapropter
1154 2804 1287 2842 merito
1314 2806 1430 2843 etiam
1461 2808 1656 2845 dicimus:

895 2862 909 2881 ι
932 2850 1157 2904 Benedictus
1178 2852 1276 2889 Deus
1306 2854 1372 2900 qui
1405 2865 1484 2891 non
1515 2855 1658 2892 amovit

889 2902 1100 2935 orationem
1128 2909 1268 2945 meam,
1290 2906 1327 2937 et
1360 2902 1660 2939 misericordiam

890 2954 998 2982 suam
1021 2957 1044 2983 8
1074 2957 1148 2983 me.
1173 2962 1188 2981 υ
1230 2948 1270 2985 Si
1307 2955 1521 2995 perseverat
1539 2949 1660 2987 oratio

889 2998 1032 3041 nostra,
1053 3004 1251 3043 nunquam
1263 2995 1368 3034 abest
1383 2996 1663 3036 misericordia.
