1832 3172
96 31 132 39 -ν-
205 44 210 52 ¹
494 49 501 53 >
693 48 698 59 t

55 87 87 137 <si
339 127 343 130 .
486 93 948 162 cmmm'bmuonn
975 113 1104 155 Arnus
1135 124 1305 162 rAeuns.
1593 120 1677 170 aa*
1695 124 1715 138 ·“

63 191 70 196 ·
105 183 232 237 qn'ils
243 188 323 227 ont
339 194 557 240 requos-uu
577 191 734 234 service
753 193 810 235 du
833 196 925 238 Rei.
950 199 1064 240 Nous
1082 206 1238 254 autres,
1271 206 1447 260 n'ayant.
1477 213 1567 254 rien
1597 217 1674 261 fait

102 247 155 289 de
172 252 550 299 recommandable,
570 267 680 296 nous
698 269 806 299 nous
825 263 1091 314 approchons
1109 279 1210 308 avec
1229 273 1444 315 confiance
1462 277 1486 316 d
1493 290 1517 316 u
1547 282 1671 324 trone

99 315 220 367 royal
236 315 288 356 do
306 317 410 357 Dien
428 322 473 358 et
491 330 598 360 nous
617 321 877 366 demandons
898 327 1105 380 plusieurs
1139 335 1299 385 greces,
1333 342 1578 390 presentant
1608 345 1669 387 les

36 422 37 426 ,
97 379 267 421 meritos
284 380 336 422 de
356 384 475 422 notre
494 383 605 424 frere
625 388 807 438 crncifie,
830 391 964 443 Jesus,
988 393 1168 448 lesquels
1196 399 1227 439 il
1258 413 1285 440 a
1317 405 1440 444 voutu
1473 408 1562 448 etre
1595 412 1668 451 no-

95 447 194 493 tros,
206 447 250 486 et
267 445 340 486 des
358 446 442 487 toi-s
460 460 566 489 nous
585 462 637 491 ne
656 453 883 496 redoutons
903 457 998 510 plus
1017 460 1146 502 d'etre
1167 471 1481 516 repousses.Ces
1495 474 1667 516 meritos

93 513 239 550 flerunt
257 511 560 564 recompenseS‚
583 527 634 555 en
655 530 762 558 nous
780 532 844 560 ses
864 521 1074 576 heritiers,
1094 527 1266 582 jusqu'a
1286 532 1326 572 la
1346 534 1404 573 fin
1421 536 1475 575 dn
1492 539 1663 591 monde,

90 583 216 626 parce
237 586 318 627 que
333 577 486 627 Jamais
506 579 554 619 ils
574 581 694 622 n'ont
714 597 809 636 recu
831 599 915 628 une
936 591 1254 636 renumeration
1275 598 1405 650 digne
1431 600 1573 645 d'eux.
1611 606 1664 647 ut

32 686 41 689 „
89 637 142 678 de
159 637 203 679 la
220 640 336 680 vient
357 655 438 694 qne
460 643 628 696 t'ssgtise
659 660 765 688 nous
796 653 1000 706 enseigne
1034 659 1058 696 il
1089 662 1284 702 conclure
1320 670 1456 706 toutes
1488 681 1564 708 nos
1594 671 1665 712 de-

31 728 45 742 .-
87 704 262 744 mundes
281 707 305 744 ὰ
326 707 442 757 Dieu,
467 721 518 749 en
547 711 683 752 disant
707 725 716 753 2
744 729 762 752 «
803 718 884 757 Par
921 724 1040 762 notre
1080 724 1288 776 Seigneur
1323 730 1614 775 ,iesus-Christ.
1634 750 1656 775 n

86 767 196 808 C’est
213 769 321 810 donc
340 784 440 812 avec
459 774 597 815 raison
618 790 698 829 que
719 781 829 821 saint
848 784 1060 836 Angustia
1081 789 1157 838 dit,
1179 803 1231 831 en
1253 795 1420 845 pariant
1439 798 1489 839 de
1511 801 1660 840 Noti-e-

26 835 50 885 .⁸''
85 833 296 885 seigneur
313 837 587 880 usnemu-ist
609 855 617 881 :
644 859 664 879 «
686 844 717 884 Il
738 847 827 897 prie
847 860 957 900 pour
979 864 1098 902 nou5‚
1125 855 1152 894 il
1174 857 1264 908 prie
1292 871 1344 899 en
1378 874 1499 914 nous,
1535 865 1564 904 il
1597 870 1659 908 est

26 907 33 938 τ
81 897 174 951 prie
202 911 278 951 par
305 913 422 942 nous.
462 905 495 944 lt
533 907 622 959 prie
658 921 765 961 pour
803 925 909 954 nous
946 928 1108 958 comme
1148 927 1268 964 notre
1305 927 1461 978 preti-e,
1501 930 1531 970 il
1568 933 1658 984 prie

23 965 26 970 ’
79 972 134 1003 en
172 976 277 1004 nous
314 979 477 1010 comme
515 975 634 1012 notre
671 975 778 1023 chef,
820 978 850 1017 il
889 984 950 1020 est
972 984 1061 1034 prie
1093 998 1168 1036 par
1200 1000 1306 1029 nous
1338 1004 1499 1034 comme
1533 996 1653 1038 nien.

67 1013 192 1068 ¹Nous
210 1030 351 1082 prions
369 1045 463 1073 vers
485 1036 559 1084 lui,
581 1049 658 1090 par
678 1041 751 1090 lui,
775 1055 827 1081 en
851 1043 924 1095 lui,
948 1052 989 1086 et
1008 1061 1114 1090 nous
1145 1051 1288 1094 disens
1313 1069 1411 1097 avec
1444 1060 1520 1111 lui,
1551 1067 1594 1102 et
1627 1062 1656 1103 il

23 1079 25 1082 ¹
77 1091 139 1132 dit
158 1105 256 1135 avec
275 1108 379 1136 nous
398 1097 530 1153 (Pr-ef.
552 1114 620 1142 sur
640 1104 679 1144 le
694 1104 763 1145 Ps.
788 1110 969 1163 cxxxv.).
997 1128 1015 1148 x>

129 1159 338 1201 EXEMPLE.
363 1185 414 1192 —
433 1168 633 1219 Appuyes
661 1174 703 1210 et
735 1172 910 1224 inspires
942 1190 1018 1228 par
1049 1183 1157 1220 cette
1189 1185 1402 1227 eonfiance
1432 1202 1513 1241 que
1546 1204 1653 1232 nous

74 1222 351 1278 demandons,
387 1229 594 1280 plusieurs
633 1235 763 1275 saints
794 1239 1008 1281 obtinrent
1039 1244 1230 1297 toujours
1262 1250 1312 1289 de
1346 1253 1449 1293 Dieu
1481 1257 1575 1296 tout
1604 1269 1652 1297 ce

73 1288 198 1340 qu'ils
217 1291 536 1336 demandet-ent.

126 1354 257 1404 ainsi,
278 1357 389 1396 saint
409 1360 659 1415 Dominique
674 1366 787 1406 avait
800 1373 998 1412 coutume
1013 1373 1064 1413 de
1084 1375 1174 1416 dire
1195 1379 1298 1430 qu’il
1317 1381 1475 1424 n'avait
1490 1385 1646 1436 jamnis

67 1418 160 1459 rien
187 1420 394 1462 demands
415 1426 437 1463 ἡ
460 1426 562 1466 Dieu
595 1429 698 1480 qu’il
733 1444 785 1470 ne
818 1433 918 1474 l’eut
951 1437 1121 1479 obtenu.
1145 1443 1210 1482 Un
1244 1445 1294 1484 ‹le
1327 1459 1389 1486 ses
1422 1450 1647 1503 aetigieux

66 1482 228 1536 l'ayant
246 1488 429 1527 entendu
452 1490 541 1530 dire
570 1493 673 1544 ceta,
698 1495 755 1534 lui
776 1496 824 1537 fit
843 1503 951 1540 cette
983 1506 1176 1555 question
1201 1520 1210 1547 ε
1232 1524 1251 1544 «
1273 1510 1486 1565 Pourquoi
1517 1515 1640 1567 donc,

63 1558 165 1589 mon
185 1550 304 1600 Pei-e,
326 1564 379 1592 ne
414 1554 770 1600 demandez-vous
798 1574 874 1614 pas
906 1578 988 1618 que
1021 1571 1174 1611 innitre
1206 1574 1372 1616 Conrad
1400 1582 1516 1619 euti-e
1535 1582 1642 1622 dans

63 1617 187 1654 notre
207 1616 351 1667 Ordre,
376 1621 429 1658 οὺ
462 1631 507 1661 sa
538 1623 725 1665 doctrine
744 1631 936 1678 poni-ruit
957 1632 1061 1672 faire
1082 1635 1154 1675 des
1174 1637 1298 1679 fruits
1317 1642 1600 1686 admirables?
1616 1664 1636 1684 »

59 1677 117 1719 Ge
130 1681 297 1721 conrad
316 1684 420 1725 etait
440 1698 496 1725 un
518 1687 778 1742 theologien,
797 1693 971 1736 docteur
985 1698 1035 1738 de
1051 1699 1317 1745 l'Universite
1331 1706 1382 1747 de
1397 1709 1529 1759 Paris,
1552 1712 1638 1753 fort

6 1740 11 1749 ‘
57 1748 289 1787 renomme.
312 1749 556 1792 Entendant
575 1753 664 1794 cela
683 1763 723 1795 et
745 1759 914 1800 voulaut
935 1768 1126 1805 monti-er
1146 1769 1169 1805 a
1191 1781 1255 1808 ses
1276 1771 1467 1826 disciples
1488 1789 1571 1829 que
1589 1790 1636 1820 se

14 1803 15 1806 ’
56 1809 271 1852 constance
296 1825 350 1854 en
383 1815 488 1856 Dieu
521 1829 575 1858 ne
607 1821 794 1863 vacillait
825 1837 897 1865 sur
927 1839 1064 1869 aucun
1097 1832 1229 1884 point,
1254 1836 1508 1893 Dominique
1541 1843 1634 1896 pria

0 1947 4 1950 ,
56 1926 1632 1982 ——X

0 2014 11 2022 ,
51 2005 102 2047 ta,
126 2004 280 2042 vulnera
299 2014 453 2055 accepta
478 2011 518 2047 in
544 2012 723 2061 obsequio
746 2016 817 2054 Rc-

0 2082 3 2086 .
50 2050 120 2097 gis.
144 2051 220 2089 Nos
245 2064 392 2101 quoque
411 2067 497 2094 eum
532 2060 626 2097 nihil
659 2063 816 2109 dignum

50 2099 253 2144 egerimuS,
274 2102 318 2138 ad
343 2104 498 2148 Regium
522 2107 586 2144 Dei
619 2109 815 2150 Thi-onum

1 2155 8 2164 ·
49 2154 135 2182 eum
176 2146 312 2186 fiducia
351 2153 580 2198 accedimus,
615 2162 649 2193 ct
696 2161 815 2198 multa

10 2235 11 2238 Ἴ
45 2193 296 2277 postulamus
330 2207 642 2245 repraesentantes
683 2208 813 2245 merita

10 2237 23 2246 ’“
62 2241 170 2277 rau-is
202 2245 318 2280 nostri
355 2247 523 2286 defuncti
556 2251 707 2297 Christi,
729 2266 813 2302 quae

0 2301 10 2321 ·.
43 2294 174 2326 nostra
192 2301 273 2328 esse
294 2293 423 2341 voluit,
446 2302 481 2332 et
501 2298 585 2335 idco
621 2302 810 2347 repulsam

0 2335 5 2363 Γ
41 2343 124 2373 non
146 2347 331 2375 veremur.
365 2344 597 2391 Quapropter
627 2349 667 2384 in
699 2350 809 2387 nobis

0 2399 2 2402 >
40 2386 220 2429 tanquam
237 2386 448 2426 haeredibus
463 2396 807 2435 remunerationem

39 2430 228 2477 accipient
260 2444 377 2481 usquc
415 2438 455 2474 in
501 2440 616 2478 linem
661 2446 804 2490 saeculi,

39 2478 127 2522 quin
153 2489 347 2526 nunquam
385 2486 615 2534 condignam
646 2502 805 2539 aecepe-

38 2528 126 2560 runt
145 2529 370 2566 mercedem.
388 2532 431 2567 Et
452 2534 539 2571 inde
553 2540 722 2584 estquod
739 2542 804 2578 Ec-

35 2571 152 2608 clesia
172 2583 242 2610 uos
261 2576 370 2614 docet
389 2589 544 2618 omnem
563 2586 662 2630 apud
686 2587 803 2625 Deum

34 2619 257 2665 petitionem
294 2626 551 2666 concludere:
587 2646 600 2664 α
627 2632 693 2669 Per
728 2636 800 2672 Do-

34 2665 184 2704 minum
206 2675 378 2708 nostrum
398 2674 525 2713 Jesum
552 2679 757 2718 Christum.
784 2699 796 2715 υ

32 2712 146 2753 Recte
165 2726 252 2761 ergo
273 2723 425 2756 sanetus
441 2722 683 2773 Augustinus,
708 2729 801 2767 Prte-

31 2759 98 2800 fat.
126 2764 167 2799 in
200 2764 296 2801 Psat.
330 2778 462 2814 Lxxxv,
483 2771 538 2808 sie
574 2773 621 2810 de
653 2776 799 2814 Christo

32 2807 195 2847 Domino
222 2816 444 2858 pronuntiat
466 2827 474 2853 :
501 2830 516 2850 α
539 2819 628 2857 Orat
645 2832 714 2869 pro
734 2835 798 2862 no-

31 2853 105 2901 bis,
125 2862 206 2895 orat
224 2860 266 2896 in
285 2861 397 2899 nobis
417 2868 452 2900 et
471 2870 599 2904 oratur
616 2879 638 2904 a
670 2870 795 2910 nobis.

32 2901 78 2943 Ut
100 2906 275 2944 sacerdos
301 2914 430 2948 noster
461 2918 542 2951 orat
564 2926 638 2963 pro
669 2918 795 2968 nobis,

242 3001 294 3033 111

857 2026 935 2056 orat
968 2023 1008 2059 in
1042 2025 1151 2061 nobis
1192 2034 1227 2064 ut
1268 2037 1377 2075 caput
1419 2041 1591 2074 nostrum
1615 2050 1624 2076 ε

855 2072 1019 2107 oratura
1051 2074 1158 2109 nobis
1193 2081 1230 2111 ut
1266 2078 1374 2114 Deus.
1399 2080 1559 2120 Oramus
1577 2087 1625 2123 ad

855 2115 978 2160 illuni,
1003 2130 1067 2164 pei·
1088 2121 1209 2167 illum,
1234 2124 1274 2160 in
1296 2126 1376 2170 illo,
1399 2134 1434 2164 et
1459 2130 1624 2170 dicimus

853 2173 939 2199 cum
962 2166 1042 2210 illo,
1064 2173 1098 2203 et
1118 2170 1209 2206 dicit
1230 2173 1442 2212 nobiscum.
1461 2192 1474 2209 »

901 2211 976 2247 Hae
997 2224 1107 2260 quam
1131 2219 1356 2263 requirimur
1378 2224 1515 2262 tiducia
1538 2228 1621 2266 nixi

850 2262 885 2293 et
906 2258 1058 2306 impulsi
1081 2264 1232 2309 quidam
1255 2278 1298 2303 ex
1321 2271 1481 2316 Sanctis,
1499 2284 1522 2310 a
1544 2275 1620 2312 Deo

849 2306 1028 2353 quidquid
1083 2312 1297 2358 petierunt,
1354 2318 1616 2365 impetrarunt.

847 2353 907 2389 Sic
926 2354 1051 2392 dicere
1080 2359 1223 2396 solebat
1256 2370 1408 2401 sanctus
1444 2368 1618 2408 Domini-

847 2411 913 2436 eus
952 2414 990 2439 se
1025 2415 1232 2453 nunquam,
1258 2412 1450 2458 quippiam
1484 2427 1506 2452 a
1541 2419 1615 2456 Deo

846 2450 1052 2494 postulasse
1073 2455 1164 2498 quin
1199 2462 1282 2493 voto
1318 2461 1454 2504 potitus
1486 2464 1611 2502 suerit.

845 2496 1011 2544 Cumque
1033 2499 1104 2537 hoe
1125 2503 1275 2548 quidam
1297 2516 1342 2542 ex
1364 2509 1440 2545 suis
1454 2510 1613 2560 Religio-

843 2543 894 2579 sis
913 2546 1070 2589 audiret,
1093 2549 1183 2585 dixit
1206 2552 1239 2587 ci
1261 2563 1270 2589 :
1294 2555 1367 2591 Cur
1385 2566 1486 2603 ergo,
1506 2560 1611 2598 Pater

843 2591 908 2633 mi,
931 2603 1007 2629 non
1032 2597 1197 2640 postulas
1215 2610 1237 2634 a
1260 2600 1348 2646 Deo,
1370 2609 1407 2640 ut
1435 2605 1610 2653 Magister

842 2639 1034 2676 Conradus
1063 2643 1244 2682 Ordinem
1275 2655 1444 2689 nostrum
1478 2655 1608 2702 ingre-

840 2686 977 2732 diatur,
998 2688 1039 2725 in
1059 2700 1132 2736 quo
1151 2693 1322 2733 doctrina
1342 2709 1408 2736 sua
1439 2702 1608 2740 admira-

841 2732 955 2770 bilem
986 2735 1150 2775 l'ructum
1181 2748 1305 2787 posset
1339 2745 1488 2786 tacere?
1518 2752 1605 2787 Erat

840 2779 901 2817 hie
922 2782 1114 2822 conradus
1134 2786 1360 2839 Theologns‚
1384 2796 1519 2834 Doctor
1539 2799 1604 2835 Pa·

837 2826 936 2865 risiis
954 2830 1234 2873 celeberrimus.

885 2876 961 2914 Hoc
979 2877 1165 2924 inaudito,
1191 2884 1424 2931 nemimem,
1446 2894 1487 2924 ut
1508 2889 1602 2926 fidu-

835 2921 934 2962 ciam
953 2935 1060 2965 suam
1080 2938 1167 2977 erga
1198 2932 1317 2970 Deum
1350 2937 1457 2972 nulia
1488 2937 1529 2973 in
1559 2947 1600 2975 re

1361 3019 1411 3058 16
