1826 3164
77 3030 88 3042 .

76 0 260 55 {mv-”f
300 24 307 30 .

453 153 671 196 nomm
697 162 913 193 munnae
940 153 1070 226 {rus
1098 162 1149 192 u
1178 161 1429 192 1611166616.
1646 153 1728 195 470

207 242 312 285 Dion
341 254 368 284 a
397 242 504 283 donc
533 252 588 282 66
617 224 713 281 66111
731 239 888 291 brebis,
911 241 1056 293 quand
1086 239 1116 280 il
1147 241 1244 280 crea
1277 240 1336 279 les
1366 240 1559 281 hommes
1589 243 1634 281 et
1665 239 1729 281 le·

151 320 300 361 anges.
323 309 414 350 Une
433 307 484 348 de
515 318 582 347 ces
613 305 752 346 brebis
784 317 810 345 6
838 305 943 359 peri,
962 305 1008 357 je
1043 317 1153 345 veux
1185 305 1276 345 dire
1307 305 1507 344 l'homme
1541 306 1629 358 qui,
1651 318 1730 359 par

150 376 325 427 rapport
342 384 396 412 au
420 371 556 423 grand
575 370 751 411 nombre
773 371 846 411 des
871 383 1017 423 anges,
1041 376 1103 410 est
1131 372 1252 411 661156
1273 382 1436 410 comme
1456 383 1513 410 un
1533 382 1609 422 par
1628 383 1727 424 rap-

150 441 246 492 port
266 440 291 477 6
309 441 418 478 cent.
440 437 511 485 Or,
534 436 565 476 il
584 436 707 476 luisse
726 448 793 476 ces
824 435 965 476 brebis
997 436 1104 476 dans
1123 436 1164 475 16
1183 435 1376 483 solitude.
1400 435 1505 476 dans
1537 436 1596 475 les
1626 435 1728 476 hau·

150 505 266 543 teurs
283 502 339 542 du
359 502 451 552 ciel,
474 506 516 541 et
535 501 565 541 il
584 501 702 541 vient
728 505 901 542 trouver
928 501 969 542 16
1000 501 1140 541 brebis
1160 502 1319 553 unique
1341 501 1414 553 qui
1433 500 1547 540 avait
1566 501 1671 553 peri.
1694 501 1727 542 11

150 578 205 608 ne
235 566 357 607 laisse
388 579 462 619 pas
495 566 731 619 cependant
761 579 827 606 665
859 566 1357 620 quatre-vingt-dix·neuf
1383 565 1537 614 brebis,
1565 566 1598 605 si
1628 565 1727 606 bien

151 631 253 685 qu’il
273 631 363 672 leur
382 631 557 672 derobat
576 644 622 672 56
641 635 837 684 presence
857 644 911 672 ou
932 631 1034 684 qu’il
1055 632 1167 671 n'eut
1188 643 1261 684 pas
1281 643 1443 683 pourvu
1465 634 1489 670 6
1509 630 1621 671 leurs
1651 631 1725 672 be·

147 697 278 736 mins.
298 697 331 737 11
352 698 409 737 les
440 697 562 737 161556
596 697 699 737 dans
731 698 804 738 des
835 699 1062 750 paturages
1094 697 1452 747 tres-abendune,
1475 699 1501 736 6
1520 696 1642 736 l'abri
1673 696 1726 737 de

150 764 244 802 tout
263 762 384 815 peril.
406 763 585 802 Ecoutez
621 763 732 804 saint
752 763 907 815 Cyrille
932 774 941 802 ε
963 777 983 801 a
1003 764 1278 803 Pensez·vous
1299 775 1380 814 que
1400 774 1445 801 sa
1464 762 1725 814 compassion

149 839 258 881 pour
278 826 390 867 l’une
410 827 461 867 de
481 839 548 867 665
567 827 707 868 brebis
726 827 779 867 l'a
799 828 935 868 rendu
966 828 1046 867 dur
1066 840 1172 880 pour
1199 827 1257 866 les
1277 826 1448 866 autres?
1470 827 1726 867 Nullement.

121 912 129 920 ·
150 891 342 933 Gelles-ci
361 894 456 932 sont
475 904 527 932 en
549 893 702 942 surete,
727 894 948 933 entourees
968 896 1011 933 et
1030 894 1250 944 protegees
1270 905 1347 945 par
1367 905 1412 931 sa
1431 892 1582 932 droite.
1607 893 1725 943 Mais,

149 955 181 997 il
199 957 329 996 valuit
349 958 490 998 mieux
508 958 628 998 avoir
647 958 748 1011 pitie
768 958 820 998 de
841 959 882 998 16
904 958 1042 998 brebis
1061 959 1229 1010 636166,
1253 958 1303 998 de
1323 970 1429 1010 peur
1449 970 1530 1010 que
1551 958 1589 998 le
1610 968 1728 998 nom·

150 1021 224 1063 bre
242 1021 314 1062 des
333 1022 470 1062 brebis
491 1035 544 1063 ne
566 1024 630 1063 fut
650 1024 892 1076 incomplet,
910 1035 995 1071 car,
1017 1035 1069 1063 en
1091 1027 1315 1063 ramenant
1336 1024 1375 1062 16
1394 1023 1534 1062 brebis
1553 1024 1723 1075 egeret,

148 1086 189 1128 16
208 1088 447 1128 6661666116
467 1089 646 1141 reprend
666 1092 781 1129 toute
802 1101 846 1128 56
866 1088 1030 1128 beaute.
1052 1104 1072 1125 »

204 1152 325 1193 Saint
346 1153 563 1193 Ambroise
583 1154 698 1206 parle
712 1154 764 1194 de
784 1154 824 1194 16
844 1155 982 1194 meme
1001 1154 1204 1202 muniere,
1222 1154 1325 1193 dans
1344 1165 1418 1193 son
1439 1152 1727 1195 commentaire

149 1231 221 1258 sur
252 1217 286 1258 le
316 1217 384 1258 Ps.
409 1219 616 1268 cxv111‚la
646 1220 702 1259 οὺ
733 1219 771 1259 16
805 1219 1027 1271 prophete,
1055 1219 1222 1271 parlant
1253 1230 1417 1258 comme
1449 1230 1503 1257 66
1537 1230 1638 1259 116111
1668 1219 1724 1259 (16

150 1295 282 1335 genre
301 1283 477 1323 humain
498 1287 592 1324 tout
610 1284 760 1334 entier,
784 1284 992 1324 demande
1013 1296 1067 1324 66
1101 1284 1311 1335 Seigneur
1343 1284 1393 1323 de
1425 1284 1545 1323 venir
1563 1295 1727 1325 comme

155 1360 211 1388 un
230 1353 400 1400 pasteur
420 1361 525 1400 pour
544 1352 763 1401 rapporter
783 1349 823 1389 la
841 1349 981 1388 brebis
1001 1351 1153 1400 egaree
1178 1360 1187 1387 ε
1208 1363 1226 1386 α
1247 1349 1267 1389 J
1274 1348 1325 1388 ’61
1346 1352 1439 1388 6116
1459 1360 1622 1389 comme
1641 1360 1726 1389 une

154 1412 293 1453 brebis
313 1413 387 1466 qui
406 1413 504 1454 s'est
523 1414 694 1466 perduc.
712 1414 923 1454 Cherchez
938 1420 1053 1454 votrc
1073 1415 1291 1453 serviteur.
1309 1412 1396 1466 (Ps.
1411 1424 1555 1462 cxvni,
1577 1413 1721 1467 1760»

153 1477 273 1518 Ainsi
310 1479 426 1531 parle
463 1490 516 1518 en
553 1481 618 1518 cet
654 1478 817 1519 endroit
849 1479 958 1519 561111
996 1478 1214 1519 Ambroise
1249 1491 1258 1517 :
1276 1494 1295 1515 α
1320 1479 1471 1527 Venez,
1515 1479 1727 1531 Seigneur

149 1543 287 1593 JesuS,
320 1543 521 1583 cherchez
557 1548 675 1584 votre
713 1544 932 1595 serviteur,
966 1544 1166 1584 cherchez
1198 1549 1316 1584 votre
1348 1544 1487 1583 brebis
1518 1544 1724 1596 fatiguee.

150 1608 305 1656 Venez‚
326 1611 511 1660 pastenr,
533 1608 734 1649 cherchez
753 1609 908 1662 Joseph
929 1609 1002 1662 qui
1022 1612 1084 1649 est
1110 1620 1272 1648 comme
1292 1613 1410 1648 votre
1430 1608 1581 1656 brebis,
1605 1612 1724 1649 votre

149 1671 289 1712 brebis
308 1673 404 1713 s'est
422 1675 591 1725 egaree,
613 1674 749 1714 tandis
769 1687 849 1726 que
881 1686 986 1714 vous
1006 1675 1228 1714 demeurez
1261 1686 1332 1713 sur
1365 1674 1423 1713 les
1455 1677 1723 1726 montagnes.

150 1737 409 1778 Laissez-vos
428 1739 937 1791 quatre-vingt·dix-neuf
952 1739 1104 1787 brebis,
1128 1741 1170 1778 et
1199 1750 1328 1778 venez
1348 1738 1549 1778 chercher
1569 1739 1608 1778 la
1627 1739 1724 1779 bre-

148 1801 213 1842 his
233 1803 389 1855 unique
409 1804 481 1856 qui
509 1803 603 1843 s’est
634 1806 803 1857 egarce.
826 1806 976 1852 Vcnez,
1001 1817 1085 1843 non
1107 1805 1228 1856 point
1259 1816 1358 1843 avec
1390 1804 1430 1842 16
1452 1816 1592 1855 verge.
1619 1803 1727 1844 mais

150 1878 252 1909 avec
271 1871 386 1907 votre
406 1868 565 1908 charite
592 1872 633 1908 et
652 1872 769 1909 votre
801 1871 931 1922 esprit
963 1870 1014 1909 de
1046 1870 1339 1909 mansuetude.
1365 1869 1571 1910 N'hesitez
1605 1881 1679 1921 pas
1699 1870 1726 1908 a

151 1930 298 1972 taisser
315 1945 385 1972 sur
413 1933 473 1972 les
502 1938 754 1986 montagnes
773 1946 845 1973 vos
876 1933 1393 1986 quatre-vingt-dix-neuf
1420 1934 1574 1982 brebis,
1596 1945 1725 1986 parce

131 2057 150 2076 ⁸
203 2057 361 2094 Centum
398 2067 486 2104 ergo
523 2068 610 2094 oves
641 2057 774 2094 habult
818 2058 1064 2095 Deus·ducta
1085 2058 1237 2095 sortitur
1257 2057 1500 2093 centenarius
1530 2057 1722 2104 propriam

159 2114 248 2141 cum
281 2104 454 2141 homines
491 2109 527 2141 et
562 2106 725 2152 Angelos
755 2106 914 2148 creavit3
954 2106 1133 2152 speciem.
1158 2120 1172 2139 ι

156 2161 233 2188 una
252 2151 362 2198 periit
381 2163 427 2188 ex
447 2152 538 2196 iltis,
559 2153 672 2189 homo
689 2152 832 2189 scilicet
852 2154 914 2199 qui
1000 2153 1180 2188 Similiter
1210 2151 1374 2198 loquitur
1413 2152 1525 2187 etiam
1565 2155 1722 2188 sanctus

154 2203 326 2253 respectu
347 2201 475 2246 magni
506 2201 655 2237 numeri
688 2200 916 2247 Angelorum
955 2200 1186 2245 Ambrosius,
1208 2199 1248 2235 in
1270 2199 1419 2235 Psalmo
1439 2199 1522 2242 lta,
1537 2199 1600 2235 ubi
1625 2199 1718 2236 Pro-

154 2248 310 2283 nonnisi
342 2257 461 2284 unum
495 2247 682 2284 conficere
714 2253 915 2285 censentur

158 2298 330 2347 respectu
350 2299 503 2332 centum
525 2306 533 2332 2
556 2295 698 2332 relictis
723 2300 848 2332 autem
870 2297 917 2331 is-

155 2345 205 2377 us
248 2341 287 2378 in
330 2342 573 2379 solitudinem
618 2353 794 2389 supremo
833 2343 915 2379 loco

155 2387 313 2434 coelesti‚
345 2390 447 2426 venit
477 2390 524 2426 ad
556 2400 671 2427 unam
700 2390 805 2426 illam
835 2401 917 2437 pcr-

155 2439 321 2490 euntem.
356 2436 484 2483 Neque
515 2442 642 2475 tamen
668 2438 754 2475 illas
778 2438 824 2474 99
860 2439 916 2475 sic

159 2482 323 2535 reliquit,
352 2487 391 2519 ut
420 2483 467 2520 ab
497 2483 574 2521 illis
601 2485 762 2530 abesset,
782 2490 845 2522 aut
866 2486 917 2522 ita

157 2532 199 2564 ut
213 2528 295 2581 *illis
313 2530 503 2583 provisum
521 2542 600 2568 non
621 2537 730 2570 esset.
754 2533 915 2580 Reliquit

158 2584 263 2612 enim
283 2586 344 2612 eas
363 2586 404 2613 in
423 2580 571 2624 pascuis
603 2579 802 2617 uberrimis
833 2581 916 2617 sine

186 2622 327 2659 ericulo
355 2623 445 2660 ullo.
479 2626 573 2662 Audi
603 2631 774 2664 sanctum
794 2628 917 2674 Cyril-

177 2679 269 2706 um:
296 2685 310 2701 ι
345 2669 534 2718 Numquid
565 2674 722 2711 saeviens
752 2675 793 2712 in
825 2676 915 2712 reli-

158 2726 253 2763 quas
283 2721 406 2754 motus
436 2723 491 2755 est
519 2719 655 2765 pietate
686 2722 915 2760 unius?Ne-

160 2765 489 2818 quaquam3Sunt
519 2767 622 2804 enim
653 2767 728 2804 illae
757 2769 800 2806 iu
836 2774 916 2807 tuto

158 2816 475 2858 circumsepiente
533 2823 596 2850 eas
656 2816 917 2861 potentissima

158 2857 326 2911 dextera,
341 2859 405 2913 sefi
425 2859 543 2907 magis
562 2861 756 2908 oportebat
770 2864 917 2901 misere-

159 2913 192 2940 ri
221 2910 427 2951 pereuntis,
447 2917 496 2944 ne
527 2908 578 2944 im
609 2910 758 2955 erfecta,
780 2911 918 2949 videre-

159 2954 220 2988 tur
238 2953 400 2991 recidiva
419 2954 569 2992 multitu
598 2966 619 2994 o
640 2966 716 2994 una
741 2957 843 2995 enim
862 2969 918 2996 re-

954 2248 1066 2294 pheta
1085 2248 1191 2294 quasi
1212 2248 1252 2283 in
1272 2247 1430 2282 nornine
1452 2247 1566 2283 totius
1589 2246 1723 2283 huma-

954 2295 994 2331 ni
1015 2295 1166 2341 generis
1187 2299 1290 2340 rogat
1318 2299 1357 2330 ut
1381 2295 1565 2331 Dominus
1594 2294 1720 2331 veniat

955 2347 1134 2389 tanquam
1168 2342 1309 2387 Pastor,
1344 2352 1452 2378 ovem
1491 2352 1575 2388 quae
1610 2341 1723 2388 periit

955 2394 1243 2436 reportaturus:
1285 2404 1298 2421 α
1338 2389 1466 2425 Erravi
1505 2390 1602 2426 sicut
1641 2389 1722 2426 ovis

954 2448 1037 2483 quae
1071 2438 1197 2484 periit,
1217 2447 1343 2482 quaere
1375 2447 1525 2473 servum
1559 2441 1681 2473 tuum.
1701 2452 1714 2469 n

953 2486 1013 2521 Sic
1034 2486 1198 2531 loquitur
1219 2485 1271 2520 ibi
1291 2489 1444 2520 sanctus
1464 2483 1684 2521 Ambrosius
1709 2494 1717 2520 ε

958 2532 1099 2577 «Veni,
1124 2533 1282 2568 Domine
1319 2532 1421 2575 lesu,
1462 2542 1587 2578 quaere
1637 2542 1719 2568 ser·

955 2591 1041 2616 vum
1089 2586 1211 2621 tuum,
1250 2590 1375 2625 quaere
1422 2579 1559 2616 lassam
1608 2588 1716 2615 ovem

954 2633 1072 2664 tuam.
1113 2628 1219 2671 Veni,
1262 2627 1406 2671 Pastor,
1449 2637 1574 2673 quaere
1620 2627 1718 2662 sicut

953 2686 1041 2712 oves
1094 2675 1246 2720 Joseph.
1304 2675 1448 2711 Erravit
1502 2675 1583 2711 ovis
1638 2680 1716 2716 tua,

953 2724 1044 2759 dum
1077 2728 1116 2758 tu
1150 2722 1306 2758 moraris
1338 2722 1379 2758 in
1412 2722 1619 2758 montibus.
1654 2720 1720 2756 Di-

954 2772 1060 2807 mitte
1091 2770 1300 2815 nonaginta
1336 2779 1423 2806 ores
1455 2775 1552 2811 tuas,
1573 2771 1609 2803 et
1629 2767 1718 2803 veni

955 2828 1070 2854 unam
1094 2827 1276 2863 quaerere,
1299 2827 1382 2863 quae
1402 2816 1550 2852 erravit.

1009 2878 1023 2896 α
1047 2865 1144 2901 Veni
1166 2875 1246 2901 non
1284 2874 1372 2900 cum
1390 2864 1507 2909 virga,
1536 2860 1600 2897 scd
1633 2869 1723 2913 cum

954 2912 1149 2954 charitate,
1163 2911 1392 2958 spiritusque
1414 2908 1718 2962 mansuetudine.

956 2960 1042 2998 Noli
1062 2959 1234 2996 dubitare
1267 2959 1481 3004 relinquere
1514 2966 1555 2991 m
1574 2959 1724 2992 monti-
