1898 3172
734 0 750 15 ⁸
810 20 821 30 .
861 0 1044 32 :sus-⁷⁴*
1259 0 1281 2 ·’
1366 0 1428 22 -··
1480 16 1485 18 -
1543 7 1552 14 ν

943 37 947 44 .
1051 42 1055 47 .

615 137 800 180 usura
824 147 880 189 88
907 147 955 180 u
988 148 1236 181 1511158815.
1632 142 1712 184 335
1753 165 1759 173 -

137 225 230 267 mie
245 225 350 270 etsie
364 225 564 268 emh-ane*
573 225 632 267 dn
649 225 738 266 zelo
756 225 809 266 de
828 225 1055 268 l'honncur
1070 226 1189 268 divin
1207 226 1283 281 qui
1301 227 1494 270 devorait
1504 241 1714 279 soneoem·

137 303 301 335 comme
319 303 378 334 un
395 291 482 343 feu,
497 295 540 332 et
558 290 630 331 des
649 290 734 331 lors
752 290 783 331 il
801 295 984 344 apparat
1002 295 1046 332 et
1064 304 1108 333 se
1127 292 1222 333 leva
1238 305 1295 334 au
1314 293 1460 335 milieu
1480 295 1537 336 du
1557 296 1715 350 peupl'e

136 367 299 399 comme
316 368 376 397 nn
394 355 606 397 flambeau
625 355 777 396 ardent
797 360 840 396 et.
859 356 1101 398 embrasant
1121 369 1184 398 585
1209 358 1440 410 audimus,
1471 372 1595 413 parce
1627 374 1711 415 888

135 421 177 463 18
195 421 340 475 parole
357 420 410 461 de
428 433 475 461 sa
501 420 665 461 bouche
694 421 844 461 sortait
871 421 972 462 d'un
993 434 1110 462 noeur
1129 423 1370 473 8811818818,
1392 424 1620 467 embrasait
1649 427 1710 468 185

135 486 364 528 obeissants
382 486 482 526 ‹t’un
503 486 575 526 feu
595 486 711 526 divin
730 489 773 526 et
801 488 1036 527 consutnait
1068 487 1128 528 les
1159 489 1481 540 desobeissants,
1516 491 1620 532 dans
1652 505 1709 532 un

133 551 204 595 feu
222 551 385 592 celeste.
401 551 431 592 Il
448 551 497 591 fit
510 551 821 592 effectivement
835 552 928 604 plus
942 553 1067 593 ‹l'une
1085 553 1164 593 fois
1178 554 1404 595 descendi-e
1418 555 1458 595 18
1472 556 1543 596 feu
1556 556 1615 597 du
1630 558 1709 598 ciel

131 627 241 670 pour
259 616 385 669 punir
412 616 472 657 les
500 617 650 669 impies
672 616 711 670 (4
731 616 842 657 Rois.
864 617 926 658 elz.
953 619 1000 670 1),
1022 622 1078 667 et,
1100 631 1223 671 parce
1244 620 1349 672 qu'it
1379 621 1483 662 81811
1513 622 1707 664 8811118118

132 680 233 722 d'un
246 681 332 722 zele
351 682 403 722 de
421 681 542 730 feu‚il
562 682 628 722 fut
645 684 735 722 ravi
755 695 808 722 au
829 683 905 723 ciel
927 695 976 722 88
997 696 1053 723 88
1070 683 1170 724 01181
1184 685 1234 724 de
1249 686 1335 725 feu.
1353 687 1454 726 Bien
1472 687 1579 739 plus,
1597 690 1708 728 saint

130 746 350 800 Epiphane
370 746 464 800 (Vie
481 747 545 788 des
564 747 795 802 Prophetes,
818 748 876 788 vie
895 747 1060 801 d'Ele‘e),
1096 754 1139 788 81
1167 751 1377 790 Dorothee
1412 750 1609 807 (Synop.)
1639 754 1705 794 di-

129 817 225 853 5881
244 824 339 865 888,
363 814 435 853 des
455 812 494 853 le
512 813 706 862 berceau,
731 814 818 854 Elie
843 815 905 853 fut
928 814 1073 854 808111
1093 814 1143 854 de
1175 815 1380 865 1181111885,
1415 830 1467 856 en
1501 818 1621 869 signe
1653 819 1706 860 de

127 876 312 918 t’ardeur
331 878 381 917 de
401 890 476 918 588
494 880 738 931 eloquent-e,
764 892 848 918 nou
870 879 990 931 point
1011 880 1111 932 qu'it
1131 881 1192 920 ait
1210 881 1457 921 reellement
1475 885 1541 923 ete
1557 885 1706 924 nourri

128 954 229 984 avec
249 942 305 982 du
326 943 410 992 feu,
434 944 540 984 mais
559 956 682 996 parce
703 956 783 996 que
805 944 842 984 le
864 946 933 984 fou
955 944 1108 984 leeliait
1128 957 1202 984 son
1225 947 1369 998 visage
1390 951 1431 987 81
1457 959 1522 988 585
1553 949 1703 1000 levres,

128 1011 172 1049 et
189 1008 384 1048 semblait
402 1011 599 1061 penetrer
618 1010 723 1050 (1885
743 1022 787 1049 58
807 1010 969 1050 11881118
991 1023 1040 1050 88
1063 1012 1181 1061 guise
1201 1011 1252 1052 de
1275 1012 1347 1052 tait
1369 1025 1474 1063 pour
1503 1013 1541 1054 18
1575 1027 1705 1056 nour-

128 1074 203 1115 rir.
226 1074 342 1114 Voici
362 1074 420 1114 les
440 1074 605 1127 paroles
624 1075 675 1115 (18
695 1076 904 1116 Dorothee
927 1090 937 1116 ι
964 1092 983 1112 ‹·‹
1007 1078 1092 1116 Peu
1113 1080 1238 1116 avaut
1258 1077 1298 1117 18
1319 1078 1535 1120 8815511818
1555 1080 1703 1130 (1Έ118,

128 1151 206 1180 588
225 1140 325 1192 pere
345 1140 405 1179 vit
423 1139 601 1180 l'enfant
620 1153 702 1193 que
723 1141 796 1181 (185Ι
815 1154 945 1192 anges
965 1142 1083 1182 vetus
1103 1142 1154 1181 de
1175 1142 1299 1182 blanc
1319 1144 1543 1195 saluaient,
1578 1157 1703 1187 enve-

129 1204 346 1258 loppaient
364 1205 469 1244 dans
489 1205 526 1244 le
546 1205 616 1246 feu
636 1217 798 1246 comme
819 1207 925 1245 dans
944 1208 1016 1245 «ies
1036 1206 1184 1258 tanges
1203 1211 1245 1247 et
1264 1219 1307 1247 58
1327 1209 1634 1250 nourrissaient
1652 1211 1706 1252 do

130 1269 323 1310 flammas
342 1282 504 1310 comme
524 1283 581 1310 88
603 1271 793 1311 aliment.
821 1273 931 1310 Parti
952 1284 1059 1323 pour
1078 1272 1330 1321 Jerusalem,
1351 1274 1381 1313 11
1401 1286 1429 1326 y
1450 1286 1644 1328 annonca
1662 1276 1706 1318 18

131 1334 271 1385 chose,
292 1339 334 1375 et
352 1335 520 1375 l'oracle
539 1335 598 1376 lui
618 1337 814 1388 repondit
833 1337 884 1376 de
907 1349 958 1376 ne
981 1337 1099 1385 point
1118 1338 1326 1386 craiudre,
1350 1351 1475 1391 parce
1496 1353 1577 1393 que
1598 1341 1703 1382 l’en·

130 1399 225 1440 fant
244 1402 269 1440 ὰ
288 1402 425 1440 naitre
443 1400 670 1441 habiterait
690 1401 793 1440 dans
814 1402 853 1440 la
879 1402 1070 1449 lumiere‚
1106 1402 1288 1443 n’aurait
1319 1416 1401 1455 888
1432 1404 1505 1445 (185
1538 1405 1707 1458 parolus

131 1466 262 1513 58185,
285 1470 328 1506 et
342 1466 533 1518 jugerait
552 1466 680 1506 Israel
701 1479 801 1506 avec
821 1466 860 1506 le
880 1467 1017 1517 gluive
1037 1472 1078 1507 et
1099 1468 1137 1507 18
1157 1468 1241 1507 feu.
1266 1484 1285 1504 »

183 1529 307 1571 Voila
325 1532 534 1583 pourquoi
556 1543 602 1571 ce
622 1531 688 1571 fut
707 1544 759 1570 en
779 1532 1070 1584 apparuissent
1089 1545 1185 1572 5085
1204 1533 1244 1573 18
1264 1533 1398 1575 forme
1431 1535 1488 1575 du
1521 1536 1593 1576 feu
1622 1549 1706 1590 que

125 1595 432 1648 l'Esprit-Saint
450 1597 637 1636 88101158
656 1597 713 1636 les
733 1598 927 1648 Apotres,
951 1598 1131 1650 lesquels
1151 1599 1311 1638 etaient
1331 1602 1516 1652 envoyes
1535 1614 1701 1644 comme

125 1659 216 1701 mie
254 1672 362 1712 pour
403 1662 618 1702 embraser
656 1662 715 1702 185
752 1675 888 1702 888815
924 1663 997 1702 des
1035 1663 1178 1703 fideles
1212 1664 1264 1704 de
1300 1664 1414 1704 leurs
1450 1666 1613 1718 pai-oles
1651 1668 1706 1709 de

126 1726 198 1766 feu
215 1740 226 1776 3
266 1737 445 1767 comme·
467 1726 526 1767 les
565 1727 801 1768 Cherubius
839 1728 890 1767 de
922 1728 992 1767 feu
1027 1741 1109 1781 888
1147 1730 1208 1768 vit
1247 1731 1451 1779 Ezechiel,
1482 1732 1570 1772 8118
1599 1732 1706 1774 d'ac·

127 1802 396 1844 compagnor,
418 1791 469 1832 de
489 1804 660 1844 pousser
679 1793 780 1832 (1885
800 1793 839 1833 18
873 1794 1025 1834 monde
1057 1795 1195 1834 entier
1213 1795 1252 1834 18
1273 1796 1374 1835 char
1406 1797 1459 1836 de
1491 1797 1532 1837 18
1566 1797 1703 1850 gleire

135 1915 1713 1936 ————————

132 2004 214 2050 ejus
247 2004 354 2050 quasi
385 2005 509 2041 facula
546 2005 712 2042 ardebat.
740 2021 752 2038 υ
786 2007 899 2050 Quasi

131 2051 319 2088 diceretur
342 2062 350 2088 :
372 2052 473 2089 Elias
505 2062 686 2090 accensus
712 2059 787 2089 0181
821 2055 899 2090 zelo

134 2099 290 2136 honoris
308 2099 427 2136 divini
446 2100 488 2136 in
516 2101 629 2137 corde
658 2101 764 2147 quasi
795 2103 897 2147 igne,

134 2146 263 2192 sicque
293 2147 467 2193 apparuit
487 2153 519 2183 et
542 2149 732 2184 exurrexit
754 2149 793 2185 in
817 2160 898 2185 mr.-

131 2193 195 2231 dio
224 2195 354 2240 populi
386 2196 490 2240 quasi
510 2195 570 2231 fax
602 2196 738 2233 ardens
770 2201 805 2232 et
837 2198 899 2233 in—

131 2241 300 2278 cendens
317 2242 526 2287 auditores;
548 2244 635 2290 quia
649 2244 802 2280 verbum
825 2246 901 2280 oris

130 2289 251 2336 ipsius
270 2299 315 2326 ex
350 2291 462 2327 corde
494 2290 605 2337 igneo
637 2292 898 2337 promanabat,

130 2342 168 2372 et
210 2336 430 2374 obedientes
473 2338 702 2375 accendebat
753 2339 898 2381 (livino,

130 2383 396 2420 inobedientes
436 2390 562 2422 autem
616 2387 702 2431 igne
754 2388 899 2423 coelesti

130 2431 391 2468 consumebat.
426 2432 554 2478 Ignem
588 2434 692 2470 enim
723 2434 769 2471 de
802 2436 898 2471 eoelo

131 2478 269 2524 saepius
295 2479 381 2516 lecit
411 2479 639 2517 descendere
670 2482 711 2518 in
751 2482 897 2518 vindic-

132 2528 210 2561 tam
231 2525 458 2572 impiorum;
487 2532 524 2564 et
556 2528 644 2574 quia
675 2529 754 2564 zelo
788 2530 897 2574 igneo

131 2571 300 2615 ardebat,
320 2573 362 2608 in
381 2574 519 2610 coelum
539 2575 609 2611 suit
629 2576 798 2611 sublatus
817 2587 899 2612 cui·-

132 2629 176 2655 ru
202 2619 327 2665 igneo.
350 2621 430 2657 Imo
468 2622 580 2659 tradit
616 2628 770 2660 sanctus
807 2624 896 2670 Epi-

132 2666 299 2713 phanius
330 2667 372 2703 iu
408 2668 501 2705 Vitis
535 2669 821 2715 Prophetarum,
857 2672 896 2707 18

131 2713 207 2750 vita
237 2714 345 2758 Etiae,
366 2719 402 2751 et
423 2715 631 2753 Dorotheus
651 2718 689 2753 in
722 2718 896 2763 synopsi,

133 2761 207 2797 ‘am
238 2761 286 2797 ab
323 2761 568 2799 incunabulis
601 2774 667 2810 per
704 2767 896 2801 flammam

146 2808 245 2846 uisse
264 2810 487 2855 enutritum,
508 2810 548 2847 in
574 2811 723 2858 signum
756 2813 896 2849 arden-

131 2855 180 2893 tis
198 2855 359 2903 eloquii;
390 2868 469 2894 non
500 2859 597 2904 quod
629 2869 714 2895 vere
745 2862 896 2896 namma

129 2902 243 2940 fuerit
261 2905 462 2950 enutritus,
484 2906 548 2942 sed
570 2906 668 2951 quod
701 2906 767 2942 illa
796 2907 894 2944 lam-

130 2950 236 2989 beret
254 2951 399 2990 181188]
420 2958 456 2990 81
475 2963 517 2990 05
536 2952 632 3000 ejus,
652 2953 694 2990 in
725 2953 894 3003 illudque

939 2007 1125 2044 videretur
1144 2010 1290 2053 ingredi
1316 2010 1400 2047 loco
1433 2011 1554 2057 lactis,
1575 2013 1709 2050 illum-

939 2065 1010 2101 que
1030 2057 1168 2092 cibare.
1193 2058 1287 2093 Audi
1310 2058 1539 2095 Dorotheum
1557 2070 1588 2095 2«
1612 2062 1708 2098 Cum

940 2104 1152 2139 nasciturus
1190 2109 1285 2140 esset
1324 2105 1438 2150 Elias,
1485 2111 1589 2152 pater
1626 2108 1709 2154 ejus

941 2150 1030 2185 vidit
1060 2150 1170 2187 illum
1205 2151 1252 2187 ab
1272 2152 1424 2198 Angelis
1453 2153 1709 2194 albicantibus

939 2198 1107 2242 salutari,
1130 2204 1164 2234 et
1186 2199 1224 2235 18
1248 2200 1334 2245 igne
1369 2205 1546 2247 tanquam
1579 2202 1708 2241 fasciis

940 2245 1095 2289 involvi,
1116 2250 1151 2282 et
1184 2249 1334 2283 11818188
1355 2247 1455 2293 ignis
1486 2249 1588 2286 velut
1619 2250 1706 2289 cibo

938 2292 1001 2328 ali.
1026 2293 1069 2329 Et
1097 2294 1371 2339 lerosolymam
1403 2296 1593 2341 profectus
1622 2309 1706 2337 rem

939 2340 1047 2375 istam
1082 2340 1275 2385 indicavit,
1301 2343 1522 2389 dictumque
1558 2350 1615 2383 est
1648 2346 1708 2384 illi

938 2398 981 2423 ex
1004 2388 1157 2424 0188810
1178 2399 1226 2425 ne
1247 2390 1409 2434 11188181,
1431 2391 1508 2428 t'ore
1540 2393 1646 2430 enim
1666 2399 1706 2432 ut

939 2446 1030 2480 puer
1055 2437 1270 2472 nasciturus
1305 2437 1346 2474 in
1384 2438 1468 2475 luce
1506 2438 1704 2488 habitaret,

937 2487 972 2518 ct
993 2493 1076 2528 quae
1115 2483 1255 2520 diecret
1295 2485 1443 2522 firmam
1477 2489 1706 2527 sententiam

939 2530 1134 2574 haberent,
1151 2531 1412 2579 judicaretque
1431 2534 1545 2572 Israel
1567 2537 1607 2573 in
1621 2537 1706 2584 gla-

937 2577 998 2613 dio
1019 2582 1052 2613 81
1074 2577 1196 2623 igne.»

986 2625 1114 2670 ltaque
1143 2626 1308 2671 Apostoli
1334 2638 1357 2663 a
1393 2627 1533 2674 Spiritu
1565 2631 1703 2669 Sancto

938 2671 977 2706 in
1009 2673 1134 2716 specie
1172 2673 1271 2717 ignis
1307 2681 1513 2721 apparente
1551 2678 1704 2716 suerunt

937 2718 1175 2763 inauetorati‚
1197 2721 1285 2766 quia
1305 2722 1551 2762 mittebantur
1583 2726 1703 2763 instar

936 2765 1028 2802 Eliae
1053 2767 1098 2802 ad
1132 2769 1245 2804 corda
1276 2768 1447 2807 fidelium
1479 2772 1597 2818 ignito
1617 2774 1701 2810 elo-

935 2814 1023 2859 quio
1054 2816 1332 2861 succendenda,
1354 2818 1601 2856 mittebantur
1615 2820 1701 2858 ins-

935 2865 990 2896 tar
1028 2862 1329 2901 Cherubinorum
1372 2865 1571 2913 igneorum
1603 2878 1700 2914 8805

933 2907 1074 2945 viderat
1106 2910 1293 2956 Ezechiel,
1325 2913 1373 2948 ad
1404 2913 1622 2959 stipandum
1659 2918 1701 2952 et

930 2955 972 2993 18
990 2956 1120 2995 orbem
1146 2959 1366 2997 universum
1397 2962 1703 3008 promovendum
