1826 3164
28 1314 73 1686 τρεπτικῶς-τεν·-

10 1908 43 2272 ζομοὲυκῆἐΞ-φ-ψιᾼῐ-δεςῃ
32 1887 34 1891 -
27 1611 42 1866 -a-Q-va-ew

45 2221 50 2228 ⁶
45 2171 68 2199 5⁴·
44 2125 53 2139 *⁹
46 2083 54 2093 L
42 1976 55 2022 ‘Q
43 1948 52 1958 ⁴
62 1912 65 1915 ι
44 1685 63 1870 Ὑφ’·-ῇ

7 2525 21 2546 ⁵
18 2404 68 2462 ΤΞ-
9 2276 63 2383 {2223

552 76 592 98 ’-.’
1167 85 1174 92 .
1456 93 1459 94 ⁷
1601 85 1674 100 Ι,

423 195 644 237 ‘nomme
663 202 885 235 »mamus
913 191 1042 232 111166
1069 200 1120 231 u
1148 200 1400 232 1116166016.
1617 188 1697 230 503

125 283 206 326 tin.
227 283 337 326 C’est
353 283 398 325 16
414 283 519 324 donc
537 294 596 323 un
614 280 726 334 sujet
754 280 807 321 (16
833 279 922 333 joie
953 291 1063 332 pour
1091 279 1152 320 les
1181 279 1335 333 Angoe,
1353 277 1497 332 quand
1529 277 1590 318 les
1619 279 1696 331 pe-

127 349 279 391 cheurs
294 361 337 390 se
356 347 669 389 convertissent.

179 416 224 456 3⁰
243 413 350 456 G’est
365 424 490 466 parce
510 424 607 464 que,
629 411 798 464 lorsque
829 410 872 450 la
899 409 1119 463 penitence
1151 409 1231 451 fait
1256 408 1387 449 sortir
1418 407 1478 448 les
1505 407 1698 448 hommes

126 479 199 520 (166
217 489 356 531 campe
375 477 429 517 du
451 477 603 517 demon
623 488 730 529 pour
748 488 792 516 66
811 487 966 528 renger
985 487 1081 515 sous
1100 473 1335 515 l’etendard
1366 473 1424 513 du
1458 471 1614 522 Christ,
1635 484 1696 512 un

122 543 217 597 plus
248 542 383 595 grand
416 542 591 582 nombre
622 541 835 582 celebrent
866 539 907 580 16
940 540 1074 592 gloire
1105 539 1156 579 de
1176 539 1281 580 Dieu
1304 553 1313 579 :
1337 538 1498 579 ceux-ci
1518 549 1571 578 en
1594 536 1695 578 effet

121 608 325 650 viennent
350 619 458 660 pour
489 607 608 647 louer
646 619 748 647 avec
777 606 837 646 les
867 606 1010 658 Auges
1041 605 1083 645 16
1112 604 1242 644 honte
1274 607 1317 645 61
1353 604 1396 643 16
1426 602 1697 643 misericorde

122 672 275 715 divine.
308 674 417 714 C'est
447 672 557 712 donc
583 684 690 725 pour
722 683 788 712 ees
819 671 1008 712 derniers
1033 683 1090 710 un
1122 670 1232 721 quet
1262 669 1314 709 de
1341 669 1444 720 joie,
1467 668 1636 721 lorsque
1655 666 1697 708 16

121 739 311 781 creature
342 738 544 778 humeine
574 737 670 778 lone
702 737 741 777 16
774 737 985 788 Seigneur
1022 736 1074 776 de
1117 738 1287 775 concert
1323 746 1426 774 avec
1463 733 1504 772 16
1543 735 1696 773 nature

120 803 364 856 angelique.
399 803 533 852 Ainsi,
556 815 609 843 en
641 802 752 851 effet,
792 803 892 842 «166
925 805 1056 842 661166
1088 801 1144 840 du
1177 801 1310 840 616116
1348 814 1366 836 n
1402 797 1474 851 qui
1507 801 1604 837 sont
1636 798 1696 838 les

119 869 277 920 Auges,
300 868 338 908 le
364 883 384 906 (1
403 868 549 908 louent
569 872 611 908 et
631 872 723 908 tous
744 867 802 907 les
821 867 887 907 fils
905 867 956 907 (16
990 866 1109 915 Dieu,
1132 879 1152 903 n
1178 864 1431 905 c'est-a-dire
1463 863 1524 903 les
1554 866 1697 915 Auges

119 934 163 975 ot
180 932 240 974 les
258 934 465 982 hommes,
492 947 511 971 «
532 936 628 973 sont
648 933 819 985 remplis
838 933 889 973 de
907 933 1007 984 joie.
1029 930 1135 984 (Job.
1157 940 1333 979 xxxvtn,
1354 928 1412 982 7.)
1439 945 1458 965 ι»

172 999 286 1039 Nous
305 1011 434 1038 avons
454 1012 509 1038 un
534 999 725 1051 exemple
746 999 796 1038 de
818 998 858 1037 16
877 997 1066 1037 muniere
1086 997 1190 1036 dont
1210 996 1268 1035 166
1290 998 1434 1046 Anges
1453 1005 1496 1033 se
1516 992 1695 1046 rejouis-

119 1066 210 1104 sent
229 1064 314 1103 616
335 1064 579 1103 606ν616106
601 1064 672 1103 (166
701 1063 904 1116 peoheurs
935 1063 1036 1102 daus
1068 1061 1105 1101 16
1134 1061 1239 1101 livre
1271 1059 1318 1100 de
1344 1059 1383 1100 la
1420 1058 1599 1099 doctrine
1630 1056 1695 1098 des

118 1127 255 1178 Peres,
279 1127 354 1182 (De
374 1129 414 1169 la
434 1128 690 1177 Provedmwe,
713 1135 755 1167 n⁰
775 1127 834 1181 5.)
855 1130 910 1168 ou
931 1140 1037 1167 nous
1055 1127 1184 1166 lisons
1204 1126 1288 1166 ceci
1312 1139 1321 1166 :

177 1209 197 1231 «
215 1195 321 1234 Paul
340 1195 379 1234 16
401 1195 562 1246 simple,
585 1195 833 1234 d’heureuse
854 1193 1075 1243 memoire‚
1098 1191 1269 1244 tlisciple
1290 1191 1341 1231 de
1365 1190 1475 1230 saint
1494 1188 1692 1239 Antoine,

118 1258 233 1299 avait
252 1271 350 1311 recu
371 1259 422 1299 de
442 1259 545 1299 Dieu
579 1259 619 1298 16
653 1260 777 1311 grece
809 1259 860 1298 de
880 1259 1099 1298 connaitre
1121 1257 1158 1296 16
1181 1256 1281 1296 fond
1303 1257 1353 1295 (16
1379 1255 1421 1295 16
1452 1254 1694 1294 conscience

118 1322 171 1363 (16
189 1323 364 1372 chacun,
387 1336 549 1364 comme
570 1337 676 1363 nous
695 1335 856 1376 voyons
875 1323 935 1363 les
964 1323 1127 1373 visages
1158 1323 1216 1361 les
1251 1334 1329 1360 uns
1358 1321 1429 1360 des
1449 1323 1606 1360 autres,
1629 1321 1694 1361 Un

114 1387 230 1440 jour,
252 1400 295 1428 se
316 1393 514 1428 trouvent
535 1389 634 1428 assis
655 1391 679 1428 6
699 1389 738 1428 16
760 1391 878 1440 porte
894 1388 944 1428 de
966 1388 1151 1439 l’Eglise‚
1174 1387 1202 1426 il
1223 1385 1477 1426 considereit
1503 1385 1620 1424 l‘etat
1642 1384 1694 1425 (16

119 1453 363 1494 conscience
396 1454 446 1493 de
485 1457 578 1493 tous
610 1466 713 1494 ceux
746 1454 818 1506 qui
850 1454 1075 1493 entraient.
1110 1454 1223 1492 Tous
1262 1450 1474 1492 entraient
1505 1462 1606 1490 avec
1633 1462 1693 1490 un

116 1518 261 1570 visage
280 1518 516 1567 luminetur,
539 1522 669 1571 ayunt
689 1520 847 1558 chacun
867 1518 958 1558 leur
978 1520 1116 1570 Ange.
1140 1518 1258 1565 Mais,
1280 1517 1308 1556 il
1330 1529 1381 1556 en
1404 1517 1463 1555 vit
1495 1528 1554 1555 un
1589 1515 1693 1555 dont

115 1580 156 1623 16
176 1594 295 1636 corps
314 1584 416 1623 61611
436 1587 528 1624 10111
549 1584 644 1623 6011
664 1587 707 1623 61
726 1587 895 1623 convert
915 1584 1015 1622 d'un
1047 1583 1213 1622 sombre
1252 1594 1408 1634 nuage,
1432 1582 1491 1620 les
1521 1580 1694 1621 demone

115 1647 155 1688 16
172 1648 305 1688 tirant
324 1648 374 1688 de
394 1649 555 1702 chaque
574 1650 665 1688 6016
686 1651 711 1688 ii
730 1661 826 1697 eux,
844 1652 886 1688 et
905 1661 980 1688 sou
1000 1651 1123 1699 Ange
1145 1649 1182 1687 le
1203 1648 1370 1687 suivant
1390 1647 1441 1686 (16
1461 1646 1548 1686 1016
1572 1645 1692 1687 triste

117 1715 160 1753 et
178 1713 339 1753 61161111.
362 1714 482 1754 Alors
497 1714 599 1753 Paul
618 1726 661 1753 se
683 1714 760 1753 mit
779 1716 804 1752 6
824 1714 992 1766 pleurer
1012 1716 1053 1753 61
1071 1716 1095 1752 ii
1118 1714 1253 1764 gemit·
1274 1726 1344 1752 sur
1364 1711 1549 1761 celui-ci,
1573 1723 1627 1751 eu
1647 1723 1692 1751 se

116 1778 314 1830 frappant
333 1778 372 1818 16
397 1779 591 1831 poili-ine.
615 1781 692 1819 Les
712 1782 852 1819 autres
875 1779 1081 1818 solitaires
1101 1779 1159 1818 lui
1181 1778 1481 1818 demandaient
1507 1778 1547 1816 la
1567 1788 1692 1817 cause

117 1841 168 1883 de
187 1855 253 1883 ees
273 1844 440 1893 1611666,
463 1847 504 1884 61
525 1845 562 1884 16
582 1844 836 1896 suppliaient
856 1843 1040 1884 d’entrer
1061 1846 1085 1883 6
1104 1843 1264 1895 l'e'glise
1286 1856 1393 1896 pour
1422 1842 1629 1883 entendre
1649 1841 1692 1882 16

116 1918 249 1948 messe
268 1920 368 1948 avec
384 1921 481 1949 eux.
505 1910 607 1949 Mais
637 1909 696 1948 lui
730 1909 965 1949 demeurait
996 1910 1094 1949 hors
1118 1910 1168 1949 (16
1203 1908 1377 1960 l’eglise‚
1400 1908 1630 1947 silencieux
1649 1910 1692 1948 et

116 1972 327 2025 plemam,
349 1985 444 2012 sans
475 1974 639 2013 vouloir
669 1977 824 2014 entrer.
860 1976 946 2014 Peu
980 1976 1116 2026 apres,
1140 1974 1284 2026 quand
1322 1973 1582 2013 l'assemblee
1624 1972 1690 2012 fut

117 2196 330 2242 Augustini.
352 2196 499 2233 Exinde
518 2207 605 2243 ergo
627 2198 792 2244 gaudent
813 2198 882 2234 An-

142 2243 192 2280 eli
239 2244 279 2280 in
328 2245 574 2280 conversione
627 2251 880 2291 peccatorum.

149 2290 242 2327 ertia
262 2301 374 2327 causa
393 2296 462 2336 est,
484 2293 571 2338 quia
591 2293 681 2328 dum
703 2303 767 2339 per
800 2303 881 2339 poe-

117 2338 318 2375 nitentiam
333 2340 489 2376 veniunt
513 2340 687 2376 homines
703 2341 749 2376 ad
771 2340 884 2376 vcxil-

116 2384 199 2422 lum
218 2385 355 2423 Christi
382 2388 428 2423 de
456 2388 589 2423 eastris
621 2387 778 2431 diaboli,
799 2389 882 2434 glo-

117 2432 213 2469 riam
235 2433 301 2470 Dei
328 2434 454 2480 plures
479 2434 670 2471 celebrant
694 2446 702 2471 ;
727 2436 880 2471 veniunt

119 2479 223 2516 enim
236 2479 277 2515 hi
291 2484 331 2516 ut
344 2490 431 2517 cum
452 2481 528 2517 illis
545 2483 759 2519 collaudent
778 2482 881 2519 boni-

119 2529 234 2562 tatem
254 2530 290 2562 et
309 2528 606 2565 misericordium
629 2531 706 2566 Dei.
736 2531 787 2566 De
818 2530 883 2566 tali

121 2582 209 2619 ergo
224 2573 387 2626 gaudent
406 2575 609 2620 consortio,
625 2578 775 2622 quando
794 2587 881 2614 cum

120 2619 300 2666 Angchca
319 2625 453 2658 natura
472 2622 583 2658 etiam
598 2623 724 2660 laudat
752 2626 881 2661 Domi-

120 2676 216 2704 num
250 2667 422 2704 Humana
457 2674 638 2706 creatura.
697 2671 756 2708 Sic
795 2682 881 2708 eum

125 2726 142 2747 ι
165 2713 319 2750 laudant
337 2719 436 2751 astra
455 2717 652 2761 matutina,
677 2732 691 2749 ι
730 2718 799 2756 1106
828 2726 882 2755 661

120 2760 254 2807 Angeli
286 2771 294 2797 z
327 2776 340 2793 ι(
369 2768 406 2798 61
437 2762 602 2808 Jubilant
631 2775 763 2802 omnes
800 2767 883 2803 Filii

120 2807 205 2893 Rei,
227 2822 243 2843 ι
268 2808 340 2845 1106
359 2813 415 2846 661
445 2810 577 2859 Angeli
609 2821 698 2849 cum
724 2812 883 2850 homini-

147 2864 207 2892 us.

169 2902 396 2948 Exemplum
416 2902 599 2940 habemus
613 2906 800 2950 quomodo
812 2906 882 2944 An-

121 2949 197 2996 geli
215 2949 403 2996 gaudeant
422 2950 462 2986 in
482 2953 729 2990 conversione
747 2964 883 3000 pecca-

55 3023 60 3034 .
120 2998 248 3034 torum
267 2996 310 3034 in
327 2996 425 3035 libro
444 2997 626 3036 doctrinae
659 2999 812 3038 Panum
837 3002 885 3040 de

923 2197 1171 2244 providentia,
1195 2207 1342 2233 numer.
1366 2198 1388 2231 ὅ
1410 2196 1472 2232 ubi
1502 2196 1557 2232 sic
1594 2196 1690 2243 legi-

924 2256 1020 2281 mus,
1046 2246 1163 2280 Benlae
1196 2245 1388 2280 memoriae
1420 2244 1571 2286 Paulus,
1593 2244 1690 2280 sim-

922 2293 1005 2340 plex
1029 2291 1238 2338 discipulus
1263 2291 1391 2327 Sancti
1412 2291 1578 2335 Antonii,
1601 2302 1690 2338 gra-

924 2341 1012 2376 liam
1032 2340 1189 2376 nubebat
1205 2351 1225 2375 a
1242 2342 1316 2376 Deo
1328 2344 1366 2375 ut
1379 2349 1691 2385 unumquemque

922 2389 1029 2433 quus
1048 2387 1294 2424 conscientiae
1314 2391 1426 2430 esset,
1452 2391 1688 2433 agnosceret,

922 2436 1018 2472 sicut,
1047 2446 1116 2471 nos
1156 2436 1270 2471 facies
1301 2435 1469 2470 videmus
1507 2434 1686 2471 invicem.

922 2483 1091 2527 Quodam
1112 2482 1167 2518 (11(
1210 2483 1346 2518 sedens
1365 2482 1411 2517 ad
1443 2482 1581 2518 ostium
1612 2482 1688 2519 Ec-

922 2531 1047 2567 ctesiae
1072 2530 1288 2566 intuebatur
1322 2530 1591 2575 ingredientes,
1612 2539 1688 2576 quo

920 2579 1049 2615 animo
1071 2579 1267 2613 iutrarent.
1292 2576 1595 2623 Ingredientibus
1608 2587 1686 2614 om-

922 2626 1035 2662 nibus
1066 2626 1167 2662 clara
1198 2625 1294 2661 faeie
1325 2634 1410 2660 cum
1442 2625 1583 2671 Angclo
1603 2635 1686 2669 suo,

923 2674 1012 2710 vidit
1034 2683 1153 2709 unum
1168 2672 1371 2708 obscurum
1404 2676 1480 2708 toto
1512 2682 1685 2718 corpore,

921 2725 957 2756 61
982 2721 1177 2757 doemones
1198 2724 1237 2756 ut
1264 2723 1419 2766 utraque
1456 2725 1560 2765 parte
1598 2729 1687 2755 eum

922 2768 1114 2804 trahentes
1151 2767 1197 2803 ad
1236 2778 1290 2810 se,
1329 2767 1514 2814 Angelum
1542 2776 1627 2802 vero
1664 2776 1688 2802 6

921 2815 1034 2863 longe
1070 2819 1291 2861 sequentem
1335 2814 1494 2851 tristem.
1550 2812 1687 2848 Paulus

920 2862 1135 2909 lacrymans
1167 2867 1202 2898 et
1238 2867 1369 2908 pectus
1400 2862 1564 2897 tundens
1597 2868 1688 2896 eum

920 2910 1151 2956 deplorabat.
1180 2909 1463 2955 Interrogabant
1486 2917 1570 2942 vero
1596 2916 1686 2942 eum

920 2957 986 2994 6111
1005 2958 1095 3005 quid
1120 2957 1198 2994 illae
1219 2958 1411 3002 lacrymae,
1433 2953 1687 3008 rogabantque

921 3009 961 3041 ut
979 3005 1238 3052 ingrederetur
1255 3004 1303 3040 ad
1334 3003 1490 3039 missam
1509 3011 1598 3038 cum
1615 3010 1685 3038 eis.
