1884 3164
763 41 771 48 ”
788 53 804 71 a

644 115 843 218 ι’ξέἔὲᾈνκ
870 178 923 209 ns
953 177 1123 213 tannes.
1596 167 1672 208 1oe

98 267 139 308 le
158 267 306 308 merite
324 265 376 306 de
395 263 437 304 la
454 261 531 312 foi,
551 271 606 301 ne
625 258 855 300 desiraient
884 256 1022 296 meme
1055 254 1175 306 point
1194 253 1286 293 voir
1318 252 1377 293 les
1409 254 1672 306 apparitione

100 330 394 373 miraculeuses
412 327 464 368 de
482 323 780 368 lesus-Christ.

151 395 286 443 Airai,
313 405 422 434 nous
452 391 580 432 lisons
612 389 717 429 dans
747 387 790 427 la
822 386 888 426 vie
920 386 973 426 de
1005 385 1115 425 saint
1146 383 1288 430 Louis,
1311 383 1390 428 roi,
1413 395 1511 434 que,
1535 384 1675 424 landis

99 461 229 514 qu'un
258 459 399 513 pretre
430 454 628 497 celebrait
658 454 764 494 dans
795 453 838 491 la
869 448 1230 502 Sainte-Chapelle
1261 448 1314 488 de
1345 447 1478 497 Paris,
1500 450 1556 488 ou
1590 448 1672 489 l’on

98 536 294 571 conserve
312 527 404 563 tant
426 521 650 562 d'illustres
669 518 867 570 reliques,
891 529 946 556 un
967 515 1114 555 enfant
1134 512 1548 554 merveilleusement
1565 513 1674 556 beau

98 592 277 645 apparut
296 590 321 629 a
339 588 382 628 la
401 587 519 640 place
540 586 592 626 de
626 583 789 624 l’hostie
821 583 1059 622 consacree.
1082 582 1145 621 On
1179 591 1371 630 annonea
1406 579 1444 618 la
1475 579 1599 619 chose
1621 591 1676 622 au

98 657 178 703 roi,
198 655 284 696 afin
306 653 409 706 qu’il
429 664 471 692 se
487 651 649 703 joignit
674 662 728 690 au
757 659 957 689 concours
976 649 1149 686 enorme
1184 645 1235 684 de
1267 643 1420 696 peuple
1454 643 1676 696 qui‘allait

99 721 191 762 voir
209 732 255 760 ce
281 718 535 771 prodigieux
568 714 757 755 miracle.
779 713 898 759 Mais,
921 712 949 752 il
982 710 1178 763 repondit
1201 722 1210 749 :
1230 727 1250 745 «
1271 712 1358 757 Que
1378 709 1485 748 celui
1519 709 1591 760 qui
1622 721 1677 750 ne

101 785 206 827 croit
224 797 299 838 pas
318 797 346 836 y
365 783 462 824 aille
482 793 589 835 pour
609 781 715 828 voir,
738 779 844 819 mais
878 789 984 830 pour
1004 776 1104 826 moi,
1122 776 1165 827 je
1187 775 1226 815 le
1246 776 1334 814 vois
1354 777 1448 813 tous
1468 774 1527 813 les
1554 774 1675 824 jours

101 851 172 892 des
190 863 302 903 yeux
323 849 375 889 de
395 849 436 888 la
454 848 529 888 foi.
547 861 566 885 »
592 849 646 886 Le
668 845 779 885 saint
798 843 971 884 desii-ait
998 841 1114 881 avoir
1143 844 1237 892 part
1258 842 1282 879 a
1301 843 1406 879 cette
1430 839 1640 880 heatitude
1665 852 1674 879 ε

101 930 128 957 ,α
145 915 444 957 Bienheureux
462 924 567 952 ceux
582 911 654 964 qui
674 910 794 950 n'ont
811 909 931 961 point
951 920 1004 946 vu
1025 911 1066 947 et
1087 907 1159 958 qui
1182 909 1255 945 ont
1274 918 1362 945 cru.
1384 921 1402 941 n
1420 906 1476 945 Sa
1496 904 1555 944 foi
1575 905 1678 944 etait

88 981 138 1024 ¹ai
157 980 333 1033 grande,
356 979 507 1032 qu'elle
527 989 580 1017 ne
601 974 776 1028 pouvait
807 986 880 1026 pas
910 974 1046 1013 meme
1067 973 1155 1012 etre
1176 971 1334 1011 rendue
1369 971 1461 1022 plus
1492 970 1679 1010 certaine

100 1058 177 1101 par
196 1047 238 1085 la
256 1057 335 1085 vue
355 1045 405 1084 de
425 1055 470 1084 ce
503 1042 690 1082 mirac-te.
714 1040 853 1087 Aussi,
875 1038 1018 1091 quand
1040 1050 1092 1077 011
1116 1036 1176 1077 161
1199 1036 1354 1088 portait
1386 1038 1424 1074 16
1456 1035 1679 1075 511161νί6.-

100 1113 232 1165 tique,
267 1114 308 1150 et
340 1122 437 1162 que,
471 1108 640 1148 suivant
667 1106 827 1156 l’usage
859 1105 911 1144 de
943 1103 1129 1153 l’Egtise,
1166 1114 1218 1141 on
1251 1101 1310 1141 lui
1343 1100 1586 1141 demandait
1616 1099 1682 1142 s’il

101 1176 263 1229 croyait
281 1178 306 1215 a
325 1175 366 1214 la
386 1177 583 1226 presence
599 1170 727 1211 reelle
748 1170 804 1210 du
827 1169 966 1209 Christ
986 1168 1091 1207 dans
1112 1166 1291 1214 l'hostie,
1310 1166 1340 1205 il
1360 1165 1556 1218 repondit
1576 1164 1682 1216 qu'il

101 1241 142 1282 le
161 1241 323 1293 croyait
341 1240 434 1290 plus
455 1239 707 1278 fermement
741 1247 822 1286 que
853 1233 919 1273 s’it
950 1233 1094 1284 voyait
1127 1231 1178 1271 66
1209 1243 1273 1270 565
1305 1243 1478 1283 propres
1509 1243 1623 1282 yeux
1642 1231 1682 1270 16

104 1306 244 1347 Christ
262 1305 404 1344 vivant
423 1303 549 1342 d’uue
569 1301 757 1341 muniere
780 1299 927 1339 visihle
949 1310 1020 1337 sur
1042 1298 1080 1336 la
1101 1301 1227 1343 terre,
1244 1308 1407 1336 comme
1427 1295 1485 1335 les
1504 1298 1683 1348 Apctres

104 1370 144 1411 16
163 1371 314 1410 virent.
336 1368 516 1422 (Sumus.
548 1366 614 1406 Vz'e
633 1365 680 1405 de
700 1365 748 1404 S.
770 1363 926 1415 Lom‘s.)

160 1436 284 1478 Saint
302 1437 489 1486 Hugues,
513 1434 550 1471 le
570 1432 818 1479 Chartreux,
840 1430 1000 1480 eveque
1027 1427 1078 1466 de
1113 1426 1300 1473 hiucolu,
1323 1425 1370 1465 fit
1390 1437 1473 1465 666
1506 1429 1684 1477 repense

106 1499 353 1543 semblable.
375 1500 439 1540 Uu
467 1498 567 1549 jour
598 1495 727 1548 qu'un
760 1496 898 1546 pretre
931 1491 1130 1532 6616111611
1160 1495 1202 1531 61
1232 1490 1399 1530 divisait
1430 1490 1608 1539 l'hostie‚
1642 1490 1685 1531 16

106 1578 213 1618 sang
241 1564 364 1605 coula
394 1563 662 1603 visiblement
690 1561 741 1600 de
770 1559 951 1599 l‘liostie.
981 1557 1083 1597 Mais
1116 1556 1155 1596 le
1185 1556 1293 1596 saint
1325 1556 1510 1607 Eveque,
1533 1555 1684 1608 appele

105 1643 214 1686 pour
232 1630 324 1670 voir
343 1642 387 1670 ce
407 1627 592 1674 miracle,
616 1638 669 1665 ne
689 1624 837 1665 voulut
865 1635 939 1676 pas
959 1635 986 1674 y
1005 1622 1124 1670 aller,
1146 1620 1382 1674 repoudant
1402 1620 1505 1672 qu'il
1524 1620 1685 1661 n'avait

105 1696 182 1738 nul
200 1695 346 1736 hesoin
366 1694 417 1734 de
435 1693 646 1746 prodigeS,
668 1694 709 1731 et
728 1702 809 1743 que
831 1690 872 1729 la
891 1688 1096 1728 certitude
1115 1692 1156 1726 et
1175 1686 1213 1726 le
1240 1686 1390 1726 merite
1411 1685 1462 1726 de
1483 1686 1524 1725 16,
1543 1685 1603 1725 foi
1623 1685 1685 1726 lui

106 1761 356 1804 suffisaient.
378 1759 553 1800 Gemi-la
574 1758 684 1798 aussi
705 1756 820 1796 avait
839 1767 891 1794 en
912 1766 993 1794 vue
1022 1756 1129 1792 cette
1155 1751 1370 1792 1166111666
1394 1763 1402 1790 :
1429 1766 1447 1786 α
1472 1750 1685 1791 Β16611611-

105 1839 214 1869 reux
243 1838 345 1866 ceux
377 1825 451 1878 qui
481 1823 598 1864 n’ont
616 1822 737 1875 point
755 1834 811 1862 vu
831 1825 872 1861 et
892 1821 966 1872 qui
986 1822 1060 1859 out
1085 1830 1175 1858 cru.
1195 1817 1373 1870 (Suram.
1404 1816 1469 1857 Vz'e
1500 1815 1547 1856 de
1579 1817 1687 1856 saint

106 1891 304 1945 Huques.)
328 1907 346 1928 »

110 2052 171 2083 165
189 2051 225 2083 61
244 2045 421 2082 meritum
443 2044 481 2080 in
505 2042 594 2089 ipsis
612 2041 737 2087 aliqua
760 2040 895 2075 ratio-⁸

111 2105 160 2132 ne
175 2094 462 2135 diminueretur,
481 2090 683 2136 nequidem
698 2091 876 2135 optarunt

112 2142 302 2180 Christum
356 2138 581 2176 miraculose
631 2140 875 2183 apparentem

112 2199 280 2228 cernere.

162 2237 224 2274 Sic
244 2237 285 2272 iu
305 2235 380 2272 vita
411 2233 532 2270 sancti
561 2231 735 2268 Ludovici
769 2230 878 2276 Regis

113 2285 288 2333 tegimus,
309 2282 462 2320 cuidam
489 2280 672 2318 sacerdoli
705 2279 745 2315 in
766 2279 877 2314 Sacro

115 2332 260 2370 Sacello
292 2330 442 2368 Parisiis
474 2327 679 2366 celebranti
711 2326 791 2371 (ubi
826 2331 875 2362 tot

114 2380 278 2427 pretiosa

114 2433 192 2464 tem
206 2427 294 2474 pulc

115 2478 268 2512 secratae
286 2473 516 2520 apparuisse.
550 2472 642 2507 Cum
683 2479 768 2506 vero
808 2468 879 2505 hoc

115 2522 206 2568 Regi
247 2521 464 2557 nuntiatum
515 2519 623 2562 foret,
660 2522 700 2554 ut
748 2517 795 2553 ad
841 2516 878 2552 id

116 2567 333 2616 spectabilis
351 2566 524 2604 miraculi
551 2571 626 2603 toto
663 2567 880 2602 confluente

115 2616 256 2665 populo
294 2613 407 2651 etiam
444 2614 524 2660 ipse
566 2613 725 2656 adesset,
763 2612 880 2648 fertur

116 2662 356 2711 respondisse
378 2671 386 2698 z
412 2674 426 2695 α
450 2662 519 2705 Qui
539 2671 618 2699 non
638 2660 755 2697 credit
775 2669 881 2695 acce-

324 2378 458 2425 136016
476 2377 728 2418 asservantur)
750 2374 876 2410 infan-

298 2390 506 2463 herrimum
526 2424 609 2461 1060
631 2422 762 2459 hostiae
782 2431 876 2458 con-

44 2719 47 2723 '
117 2712 181 2750 dat
219 2715 259 2747 ut
289 2709 424 2751 videat,
450 2718 518 2753 ego
557 2708 723 2755 quotidie
760 2706 880 2743 oculis

116 2759 207 2797 fidei
227 2767 313 2794 eum
334 2755 540 2801 conspicio.
566 2769 579 2787 n
605 2755 748 2801 Nempe
769 2754 880 2800 huJ'us

15 2830 17 2835 ‹
47 2854 49 2857 .
119 2805 366 2845 beatitudinis
385 2801 537 2850 optabat
566 2802 752 2848 particeps
771 2812 877 2839 esse:

124 2866 140 2886 α
161 2853 264 2891 Beati
282 2853 439 2899 quinon
457 2849 631 2887 viderunt
655 2853 691 2886 61
709 2849 880 2886 credide-

915 2048 1020 2074 crum
1042 2038 1076 2073 61
1098 2037 1276 2073 viaticum
1293 2036 1513 2080 6616116161,
1530 2039 1565 2071 61
1582 2045 1686 2072 more

917 2086 1094 2122 Ecclesiae
1116 2085 1424 2129 interrogaretur,
1445 2094 1492 2118 an
1517 2082 1686 2120 crederet

918 2134 983 2170 tihi
1006 2133 1196 2169 Christum
1217 2142 1311 2168 esse.
1349 2131 1553 2176 Respondit
1584 2141 1625 2166 se
1645 2130 1685 2167 id

917 2181 1062 2217 11116165
1082 2180 1249 2223 credere,
1270 2189 1381 2225 quam
1405 2179 1434 2214 si
1460 2178 1580 2214 oculis
1601 2187 1685 2224 pro-

916 2229 1008 2276 priis
1049 2228 1238 2264 Christum
1286 2227 1326 2262 16
1366 2226 1518 2272 propria
1556 2225 1683 2272 specie

916 2280 1202 2313 conversantem
1267 2274 1308 2311 in
1354 2274 1461 2309 terris
1510 2275 1683 2310 cerneret

918 2328 1026 2371 prout
1046 2323 1210 2369 Apostoli
1230 2332 1316 2358 cum
1339 2321 1526 2357 viderunt.

962 2371 1093 2408 Simile
1131 2380 1355 2417 responsum
1395 2368 1497 2404 dedit
1530 2371 1685 2406 sanctus

920 2420 1023 2466 llugo
1043 2418 1325 2462 Carthusianus‚
1349 2416 1558 2462 Episcopus
1579 2415 1685 2452 Line-

917 2466 1135 2503 colniensis.
1185 2467 1278 2501 Cum
1334 2464 1437 2500 enirn
1492 2463 1687 2500 sacerdote

918 2514 1079 2561 quodam
1101 2512 1316 2550 celebrante
1336 2516 1372 2548 et
1393 2511 1555 2548 hostiam
1586 2510 1684 2547 divi-

917 2563 1045 2606 dente,
1085 2560 1238 2607 sanguis
1276 2570 1321 2596 ex
1371 2559 1492 2595 hostia
1526 2556 1688 2595 effluens

917 2609 1163 2656 apparuisset,
1205 2607 1327 2644 noluit
1366 2606 1454 2642 huic
1502 2604 1688 2643 miraculo

918 2658 1030 2694 etiam
1052 2660 1203 2693 vocatus
1225 2654 1464 2701 praesentiam
1495 2664 1604 2691 suam
1623 2663 1686 2690 ex-

921 2705 1076 2748 hibere;
1104 2704 1168 2740 sed
1201 2702 1391 2748 respondit
1430 2701 1550 2748 signis
1587 2699 1687 2738 haud

918 2763 1013 2799 opus
1032 2762 1128 2794 esse,
1152 2750 1236 2787 fidei
1257 2749 1524 2786 certitudinem
1544 2752 1580 2785 et
1601 2757 1685 2784 me-

920 2802 1032 2837 ritum
1071 2799 1142 2835 sihi
1181 2796 1367 2834 sufficere.
1407 2797 1469 2833 Sic
1506 2797 1620 2842 igitur
1652 2798 1689 2831 et

919 2849 1000 2895 ipse
1019 2847 1067 2884 ad
1089 2846 1186 2883 hanc
1206 2844 1479 2882 beatitudinem
1507 2841 1688 2888 respicie-

121 2904 222 2938 runt.
245 2914 260 2935 1
284 2900 480 2944 Tantaque
499 2900 577 2933 erat
613 2896 655 2932 in
697 2906 742 2933 60
772 2895 881 2940 fides,
921 2895 983 2932 bat
1005 2905 1013 2930 :
1035 2908 1050 2926 «
1081 2893 1183 2930 Beati
1219 2893 1284 2940 qui
1319 2902 1400 2929 non
1438 2891 1628 2931 viderunt,
1650 2891 1687 2924 et

121 2954 163 2986 ut
180 2957 252 2985 nec
271 2948 417 2984 visione
432 2944 543 2991 hujus
559 2942 734 2980 miraculi
747 2943 883 2980 certior
921 2942 1177 2980 crediderunt.
1202 2954 1216 2973 n

20 2999 21 3002 ’
54 3035 55 3038 ,
117 2999 248 3045 posset
265 2994 386 3035 reddi.
413 2993 521 3033 Unde
551 2991 666 3030 etiam
696 2999 785 3029 cum
819 3000 884 3028 sa-

963 2990 1031 3029 816
1049 2998 1199 3038 quoque
1217 2986 1434 3036 Alphonsus
1453 2983 1601 3033 primus
1620 2980 1691 3023 Lu·
