1884 3164
323 0 337 6 (
355 0 361 3 ·’
382 0 391 13 ⁷
422 0 794 41 {ov—‹flyvtssssxfffwffi
812 0 878 37 3¹⁷³}
899 7 931 23 ·—.
950 0 962 10 ·
1009 0 1014 1 ⁷
1033 4 1068 34 ς.

384 23 410 43 v„
458 24 475 46 ἐ
491 29 511 51 r..

714 163 762 193 111
790 161 889 194 :cun
916 162 969 192 ne
998 163 1169 199 moues.
1651 162 1655 170 “
1705 159 1732 200 3

151 241 277 295 Ῥί8ᾶε
294 241 346 282 (18
365 238 485 283 C'elui
503 241 576 295 qui
594 241 822 294 annoncait
841 241 900 282 les
918 240 1038 282 biens
1066 241 1264 292 81818815,
1286 246 1329 283 et
1359 246 1662 296 cooperatrices
1679 244 1733 289 (18

156 318 234 347 son
255 305 359 356 zele‚
381 306 481 347 elles
501 307 539 347 18
558 307 768 347 suivaient
787 318 889 347 avec
906 306 1019 347 leurs
1039 319 1289 357 ressources‚
1309 311 1351 348 et
1368 321 1477 361 pour
1493 310 1553 350 lui
1579 311 1731 352 delais-

157 370 293 412 saient
314 371 426 412 leurs
444 371 643 412 maisons.
665 374 697 413 Ο
726 371 873 412 amitie
904 371 1226 412 veritahtement
1258 373 1392 414 ferme
1411 378 1452 414 et
1490 375 1635 424 solide,
1658 377 1733 430 qui

157 435 228 477 n’a
247 437 368 490 point
386 438 534 477 trouve
553 449 629 477 son
649 437 838 490 principe
859 437 966 477 dans
993 437 1172 477 l’amour
1203 441 1402 479 terrestre
1435 440 1507 479 des
1535 440 1655 481 biens
1679 442 1732 483 de

161 513 207 542 ee
228 501 393 550 monde,
415 502 522 542 mais
541 503 613 555 qui
633 515 658 542 a
677 504 744 543 ete
765 502 918 542 fondee
938 515 1010 542 sur
1035 502 1213 542 l'emour
1249 503 1398 543 celeste
1428 503 1499 544 des
1530 505 1649 546 biens
1679 506 1732 548 (18

157 565 200 607 la
219 566 286 607 vie
307 567 446 607 future
467 567 476 607 l
501 569 533 608 O
553 567 698 607 amitie
716 568 925 607 vraiment
947 567 1090 615 solide,
1114 580 1221 620 pour
1252 569 1434 621 laquelle
1467 582 1521 610 on
1557 571 1733 613 delaissa

156 630 218 672 les
237 631 358 673 biens
376 632 631 686 perissables
651 636 693 672 et
712 633 797 672 l'on
819 632 1042 672 recherche
1061 645 1167 672 ceux
1188 633 1260 686 qui
1286 634 1436 675 durent
1453 635 1462 674 1
1498 637 1732 678 Heureuses

157 708 224 738 ces
262 698 452 746 1811111185,
495 697 569 750 qui
608 697 956 738 non-seulement
1004 702 1251 741 consuerent
1298 701 1322 738 a
1371 701 1734 754 Notre-Seigneur
1777 695 1779 697 ¹

157 762 443 803 lesus-Christ
465 763 576 803 leurs
596 775 832 803 ressourees
852 763 1118 816 temporettes
1138 763 1242 803 dans
1260 776 1344 805 une
1380 769 1533 818 pensee
1564 767 1614 807 de
1646 767 1734 808 2818

156 838 303 868 envers
322 828 363 868 la
385 828 517 880 gloire
544 828 703 878 divine,
728 828 833 868 mais
867 841 1020 868 encore
1051 829 1164 868 leurs
1197 841 1431 870 ressourees
1463 832 1733 887 spirituelles,

157 892 296 932 savoir
315 892 355 933 18
374 894 543 933 volente
563 896 606 933 et
626 893 750 933 l'ame
769 906 870 933 avec
890 896 1026 934 toutes
1052 906 1115 933 ses
1148 894 1338 935 facultes.
1374 896 1609 937 Heureuses
1645 911 1733 940 non

156 957 278 1010 point
297 958 347 998 de
369 958 514 998 l'avoir
528 958 635 998 suivi
656 958 1022 1011 corporellement,
1042 960 1146 999 mais
1160 960 1320 1000 d'avoir
1333 960 1427 1001 01181
1449 964 1473 1002 ἐι
1486 975 1550 1002 585
1569 965 1734 1016 paroles

158 1026 201 1063 et
220 1024 245 1062 11.
265 1035 309 1063 58
328 1023 496 1064 volente
517 1023 567 1063 (18
590 1028 681 1063 tout
701 1025 792 1064 leur
811 1024 947 1063 coeurl

213 1091 255 1128 2⁰
277 1086 385 1128 Elles
404 1087 509 1128 l'ont
528 1090 638 1128 aime
659 1091 702 1129 et
721 1101 763 1128 se
784 1092 876 1128 sont
897 1089 1110 1129 attachees
1130 1092 1151 1128 a
1173 1091 1233 1130 lui
1253 1093 1277 1130 a
1309 1104 1354 1131 sa
1391 1097 1516 1134 mort.
1552 1094 1662 1134 Ettes
1693 1095 1732 1136 le

159 1153 366 1193 suivaient
386 1153 542 1194 durant
562 1166 606 1193 sa
626 1154 811 1203 Pession,
833 1154 977 1207 quand
1004 1171 1022 1191 «
1051 1155 1079 1194 il
1110 1156 1244 1206 501111,
1267 1161 1436 1209 portant
1468 1171 1513 1198 58
1549 1160 1679 1200 croix.
1707 1176 1728 1196 »

157 1218 315 1258 'randis
335 1218 438 1270 qu'il
458 1220 635 1259 arrosait
656 1219 714 1259 les
733 1222 867 1259 traces
893 1219 944 1259 de
975 1232 1039 1259 ses
1070 1233 1144 1272 pas
1176 1221 1231 1260 du
1263 1234 1372 1274 sang
1402 1224 1452 1263 de
1481 1236 1557 1264 son
1594 1237 1731 1279 corps,

156 1282 258 1323 elles
278 1283 337 1323 les
356 1284 589 1325 arrosaient
609 1284 679 1323 des
701 1284 870 1334 larmes,
892 1284 1140 1325 e'est-a-dire
1167 1286 1221 1325 du
1255 1299 1364 1339 sang
1394 1288 1446 1328 de
1478 1289 1570 1329 leur
1600 1301 1732 1332 coeur.

155 1347 267 1388 Elles
288 1347 525 1401 pleuraient
545 1350 817 1396 ameremeut‚
841 1362 961 1400 parce
1000 1350 1171 1402 qu'elles
1200 1352 1369 1392 avaient
1388 1354 1530 1405 appris
1549 1367 1732 1408 supara-

154 1417 257 1453 vant
276 1415 300 1452 εἰ
321 1412 483 1453 1’8111181
509 1414 804 1454 sincerement.
838 1415 971 1454 meme
1006 1416 1148 1466 quand
1183 1416 1212 1455 it
1243 1430 1286 1455 se
1318 1421 1466 1470 separe
1498 1419 1656 1470 (Pelles,
1677 1433 1732 1462 811

156 1477 340 1518 rendant
360 1478 398 1517 le
418 1478 584 1519 dernier
604 1479 762 1532 soupir,
784 1479 885 1519 elles
906 1492 958 1519 ue
993 1492 1035 1519 se
1067 1482 1309 1533 separerent
1341 1495 1414 1535 pas
1446 1483 1594 1526 delui.
1621 1485 1732 1528 Elles

150 1543 313 1584 etaient
333 1543 503 1595 debout,
525 1544 670 1596 quand
708 1545 737 1584 il
758 1546 822 1585 fut
843 1547 963 1598 perce
990 1545 1041 1585 de
1079 1545 1119 1585 la
1152 1546 1270 1586 lance
1303 1560 1374 1588 sur
1405 1549 1445 1588 la
1471 1550 1604 1602 croix,
1625 1551 1733 1593 mais

152 1608 246 1649 leur
267 1621 383 1649 eoeur
403 1610 468 1648 fut
489 1612 610 1662 perce
631 1622 682 1650 en
705 1611 840 1651 meme
862 1615 998 1663 temps
1025 1623 1106 1663 que
1127 1611 1165 1651 le
1198 1612 1303 1660 sien,
1325 1625 1401 1665 par
1432 1615 1470 1654 le
1503 1615 1573 1655 feu
1606 1617 1659 1657 de
1688 1616 1731 1659 la

151 1674 433 1726 compassion.
470 1675 581 1715 Elles
612 1676 756 1715 furenl
789 1675 883 1728 plus
915 1676 1044 1716 fortes
1076 1689 1158 1729 que
1191 1677 1249 1717 les
1280 1680 1472 1731 ApotreS‚
1497 1682 1730 1733 qui'aban-

154 1738 392 1780 donnerent
411 1739 503 1780 leur
528 1741 681 1781 Maitre
710 1741 815 1781 (18115
847 1754 911 1781 585
943 1742 1176 1794 angoisses.
1211 1745 1287 1783 Les
1308 1746 1485 1797 Apoll-es
1505 1750 1660 1799 purent
1689 1748 1729 1790 18

151 1804 295 1845 suivre
310 1804 481 1858 jusqu'a
501 1805 542 1845 la
568 1806 749 1846 fraction
769 1806 825 1846 du
840 1806 953 1859 pain,
978 1808 1084 1848 mais
1098 1808 1147 1848 ils
1161 1820 1214 1848 118
1234 1814 1386 1862 purent
1405 1810 1517 1851 alors
1530 1812 1568 1852 le
1587 1813 1730 1856 suivre

148 1868 320 1922 jusqu’a
339 1870 455 1910 boire
475 1872 512 1911 18
533 1871 659 1911 881188
681 1871 793 1912 dela
819 1873 1007 1912 Ρ8551011.
1044 1875 1120 1913 Les
1158 1874 1333 1915 femmes
1371 1876 1408 1916 le
1447 1877 1665 1931 suivirent,
1686 1883 1730 1921 et

152 2067 417 2104 annuntiantis
450 2066 547 2103 110118
593 2072 748 2111 aeterna,
788 2079 918 2115 coope-

154 2119 354 2161 mutesque
374 2115 452 2151 zelo
479 2115 560 2161 ejus
588 2116 854 2152 ministrabant
874 2117 920 2152 de

151 2161 396 2199 facultatibus
433 2163 525 2207 suis,
547 2166 582 2199 et
611 2168 762 2210 prepter
794 2164 919 2210 ipsum

153 2209 290 2247 domos
318 2210 489 2256 proprias
519 2210 755 2248 deserebant.
778 2212 808 2247 0
835 2222 920 2248 vere

153 2256 266 2294 firma
299 2262 334 2294 et
366 2257 486 2294 solida
517 2258 699 2302 amicitia,
725 2269 808 2306 quae
842 2270 920 2296 non

151 2304 227 2342 fuit
247 2305 287 2341 in
318 2304 452 2342 affectu
482 2309 629 2343 terreno
649 2316 774 2343 rerum
809 2306 921 2353 hujus

155 2352 287 2390 saeculi
307 2352 468 2395 initiata,
485 2353 548 2389 sed
565 2354 605 2390 in
624 2353 759 2391 affeetu
774 2355 920 2391 coelesti

152 2399 344 2438 bonorum
363 2400 478 2436 futuri
498 2401 568 2437 aevi
588 2401 759 2438 fundata!
785 2404 814 2437 t)
836 2413 920 2439 vere

153 2447 278 2484 solida
296 2447 478 2491 amicitia,
499 2453 650 2495 propter
683 2459 797 2495 quarn
817 2451 921 2486 desc-

154 2498 294 2531 runtur
310 2495 378 2532 illa
408 2506 491 2541 quae
524 2501 695 2542 pereunt,
717 2497 919 2543 inquirun-

154 2545 219 2578 tur
237 2551 320 2588 quae
335 2544 568 2590 perennant!
595 2544 736 2581 Felices
764 2545 821 2581 hae
842 2555 922 2582 mu-

155 2588 284 2633 lieres,
321 2599 404 2636 quae
441 2601 519 2627 non
557 2591 680 2628 sotum
726 2593 922 2629 facultates

154 2637 384 2683 temporales
403 2637 550 2675 Christo
572 2639 732 2676 Domino
761 2651 806 2676 ex
842 2640 920 2677 zelo

156 2683 298 2722 divinae
335 2683 464 2730 gloriae
494 2685 687 2730 dicabant,
709 2687 774 2723 sed
806 2689 920 2724 etiam

156 2731 388 2778 spirituales,
420 2731 651 2771 voluntatem
690 2734 834 2772 seilicet
871 2740 923 2772 at-

185 2789 233 2816 ue
275 2779 446 2815 animum
492 2789 579 2817 cum
621 2781 800 2819 omnibus
844 2783 922 2820 suis

176 2826 414 2863 acultatibus.
436 2826 594 2872 Felices,
617 2839 697 2866 non
717 2830 804 2876 quia
824 2842 922 2877 gres-

160 2883 207 2910 su
236 2874 405 2920 corporis
442 2884 529 2910 eurn
568 2876 836 2922 sequebantur,
858 2878 923 2915 sed

160 2920 251 2968 quia
286 2921 367 2968 ejus
404 2921 528 2958 verbis
559 2922 815 2972 voluntatique
847 2930 923 2963 toto

159 2968 278 3008 corde
295 2968 613 3024 obseqiebantur.

1005 2070 1193 2115 Secundo,
1224 2077 1447 2109 amaverunt
1483 2078 1519 2110 et
1555 2075 1729 2113 adhaese-

960 2123 1046 2153 runt
1066 2119 1099 2154 ei
1121 2118 1159 2154 iu
1182 2124 1315 2155 morte.
1337 2121 1598 2167 Sequebantur
1622 2123 1729 2160 euim

959 2165 998 2200 in
1015 2166 1210 2210 passione,
1228 2168 1379 2214 quando
1400 2182 1414 2199 α
1426 2169 1541 2206 exivit
1555 2170 1728 2216 hajulans

959 2212 1030 2248 sibi
1068 2224 1234 2251 crucem.
1275 2230 1290 2248 »
1336 2216 1506 2262 Dumque
1539 2217 1619 2264 ipse
1656 2229 1724 2256 sua

960 2267 1187 2307 respergeret
1227 2262 1381 2308 vestigia
1413 2265 1599 2307 sanguine
1638 2270 1725 2304 tan-

959 2318 1071 2354 quam
1099 2319 1232 2346 cruore
1262 2311 1458 2357 corporis-3
1479 2312 1556 2350 illae
1591 2314 1724 2352 eadem

959 2356 1225 2402 inspergehant
1295 2358 1472 2404 lacrymis
1542 2365 1725 2408 tanquam

959 2414 1091 2440 cruore
1124 2405 1262 2441 cordis.
1288 2406 1443 2443 Flebant
1473 2418 1612 2453 amare,
1635 2409 1725 2456 quia

959 2452 1166 2488 didicerant
1187 2453 1333 2499 pridem
1354 2465 1430 2491 non
1466 2454 1552 2492 ficte
1580 2467 1721 2494 amare.

962 2499 1088 2546 Neque
1125 2500 1282 2537 divulsae
1321 2506 1409 2538 sunt
1452 2502 1499 2538 ab
1544 2514 1604 2547 8ο,
1634 2504 1724 2542 licet.

958 2547 1128 2583 divulsus
1148 2548 1195 2584 sit
1214 2548 1261 2584 ab
1282 2549 1349 2593 eis,
1371 2550 1546 2596 spiritum
1572 2552 1724 2598 quando

960 2594 1134 2631 reddidit.
1173 2595 1327 2632 Stabant
1370 2597 1461 2634 dum
1522 2598 1725 2636 transfixus

962 2642 1029 2678 t‘uit
1049 2642 1088 2678 in
1121 2652 1248 2687 eruce,
1280 2644 1345 2680 sed
1377 2645 1527 2682 stabant
1545 2647 1659 2684 corde
1691 2647 1727 2684 ei

960 2689 1134 2735 conlixae,
1154 2695 1190 2726 et
1209 2692 1485 2738 compassionis
1505 2694 1580 2731 telo
1601 2698 1726 2731 trans—

961 2737 1177 2774 verberatae.
1196 2739 1382 2776 Fortiores
1397 2740 1501 2777 suere
1521 2742 1724 2788 Apostotis‚

961 2785 1024 2831 qui
1047 2785 1251 2822 Dominum
1272 2797 1383 2823 suum
1412 2789 1662 2826 deseruerunt
1681 2789 1723 2826 in

960 2833 1158 2878 angustiis.
1198 2833 1310 2880 Sequi
1373 2845 1461 2872 eum
1522 2840 1727 2883 potuerunt

962 2880 1127 2926 Apostoli
1149 2890 1272 2927 usque
1291 2882 1339 2918 ad
1358 2882 1580 2920 fractionem
1600 2884 1725 2929 panis,

961 2937 1040 2963 non
1060 2932 1263 2974 potuerunt
1283 2930 1390 2976 sequi
1417 2934 1509 2966 tune
1541 2940 1660 2976 usque
1677 2930 1727 2967 ad

963 2973 1172 3015 bibendum
1203 2976 1363 3018 calicem
1390 2977 1592 3021 Passionis.
1614 2978 1728 3019 Secu-
