1884 3164
722 137 775 169 m
801 135 902 169 :Imm
929 135 982 166 118
1010 134 1182 172 mouns.
1701 123 1755 167 29

176 221 402 267 erdindre'?
421 217 550 268 Qu’ils
565 217 803 269 craignent‚
821 215 884 256 les
902 214 1068 268 impies,
1090 225 1162 254 car
1180 213 1223 254 18
1250 212 1412 254 8181818
1431 212 1588 253 terrifie
1609 214 1635 253 8
1667 212 1758 256 bon

178 287 362 331 1111111188
374 284 594 326 8188118818
607 286 650 324 81
661 280 889 323 l’aflection
899 270 1070 320 console
1085 278 1145 319 les
1157 278 1280 318 bons.
1294 278 1476 318 Ecoutez
1488 277 1601 318 saint
1615 277 1758 319 Pierre

177 352 496 406 Chrysologue:
523 362 544 388 «
571 347 681 397 Qu'il
710 346 884 399 creigne
913 346 936 387 J
942 344 1046 386 udas
1077 344 1152 397 qui
1184 343 1240 385 ra
1270 342 1399 393 trahi,
1432 342 1567 383 Pilate
1600 343 1672 396 qui
1702 342 1759 384 l’e

177 417 428 465 condamnet,
450 415 489 456 18
508 413 646 454 soldat
664 412 739 466 qui
758 410 814 452 l’a
831 412 983 452 tourne
996 422 1049 450 en
1075 408 1275 450 derision.
1290 407 1451 457 Qu’elle
1462 408 1547 448 crai
1554 419 1637 460 gne
1656 406 1763 449 l'im.

175 483 289 539 piete
308 482 381 537 qui
399 481 454 522 l’a
471 479 653 529 crucifie,
675 477 717 518 18
735 477 908 518 cruente
940 475 1014 529 qui
1050 474 1111 515 lui
1138 474 1282 515 donna
1313 474 1338 513 8
1369 473 1488 513 boire
1521 473 1594 513 des
1629 472 1758 514 breu-

177 560 309 602 vages
338 557 490 597 818818,
523 545 565 585 la
596 543 863 585 mechancete
893 541 966 594 qui
997 539 1218 592 l'assiegee.
1248 539 1353 578 dans
1384 550 1431 578 88
1461 538 1692 590 sepulture,
1718 536 1762 579 la

177 613 354 669 perfidie
375 612 447 665 qui
466 610 616 651 echete
634 609 673 649 le
693 618 928 659 mensonge
947 605 1020 646 des
1041 604 1206 657 gai-des,
1236 603 1535 643 l'inhumenite
1556 603 1629 656 qui
1650 614 1757 644 ven-

180 679 244 720 dit
263 691 309 719 88
326 678 400 718 foi.
425 675 574 730 (Serm.
599 672 735 727 Lxxx).
758 687 778 709 »
801 672 855 713 118
875 670 1048 711 doivent
1067 670 1176 709 donc
1196 668 1405 717 craindre,
1434 679 1542 708 ceux
1573 667 1662 721 qui.
1684 679 1762 721 pur

179 743 293 785 leurs
311 742 478 796 pet-hes,
500 740 656 780 livrent
674 749 821 778 encore
839 737 861 777 J
866 735 1135 783 esus-Christ,
1154 746 1197 774 88
1214 736 1418 786 moquent
1440 733 1492 773 de
1511 732 1586 781 lui,
1611 732 1760 773 l'acce-

179 808 300 850 blent
319 807 613 854 d'amertume‚
634 803 674 844 le
687 801 906 843 crucifient
922 816 932 851 ;
951 812 1057 840 ceux
1070 799 1144 852 qui
1157 798 1453 852 s'epprochent
1467 798 1765 851 indignement

183 875 258 916 des
271 873 549 915 Secrements.
566 868 743 912 ceux-lii
755 867 875 907 n'ont
888 866 1007 918 point
1019 868 1114 918 part
1127 867 1153 904 a
1167 866 1206 904 la
1221 864 1516 904 Resurrection
1532 864 1588 903 du
1602 862 1758 912 Christ,

140 962 147 972 ·
182 939 236 980 ils
254 938 553 979 demeureront
571 935 630 975 les
650 933 859 974 membres
878 932 935 972 du
954 931 1123 981 demon,
1153 931 1209 970 du
1230 930 1466 970 condamne
1498 931 1521 968 8
1542 932 1671 969 mort.
1703 929 1765 969 La

182 1002 497 1050 Resurrection,
519 999 591 1053 qui
612 1011 719 1052 pour
738 997 798 1038 les
813 998 949 1049 justes
968 999 1032 1037 est
1050 1007 1133 1036 une
1165 994 1445 1041 consolation,
1466 994 1638 1034 devient
1656 1004 1765 1047 pour

184 1079 269 1110 eux
287 1068 425 1121 plutdt
443 1079 502 1106 un
522 1065 634 1118 sujet
652 1064 704 1104 de
724 1063 900 1103 crainte.
935 1062 1045 1102 C'est
1071 1073 1181 1114 pour
1211 1060 1460 1114 symboliser
1491 1063 1600 1100 cette
1630 1059 1764 1100 verite

187 1145 270 1187 que
289 1133 461 1186 l'aspect
478 1131 530 1171 de
549 1130 717 1182 l’Ange‚
739 1128 926 1181 pendant
946 1127 1048 1180 qu·i1
1078 1127 1248 1179 perluit,
1269 1126 1374 1166 etait
1402 1124 1631 1165 semblable
1662 1126 1688 1164 8
1719 1123 1763 1164 18

188 1198 357 1249 somne,
379 1200 422 1237 et
452 1208 527 1236 son
558 1196 771 1236 vetement
800 1192 1030 1232 semblable
1063 1194 1088 1231 8
1115 1191 1158 1231 18
1189 1192 1328 1242 neige.
1356 1205 1377 1230 α
1395 1192 1510 1230 Dans
1541 1190 1583 1230 18
1615 1188 1767 1230 foudre

189 1263 326 1305 reside
346 1262 388 1302 18
405 1264 571 1302 terreur
601 1259 652 1300 de
672 1258 714 1299 18
745 1258 919 1305 crainte,
956 1260 997 1296 et
1027 1257 1129 1297 dans
1159 1255 1201 1296 18
1228 1256 1356 1308 neige
1390 1256 1428 1295 18
1448 1255 1618 1295 charme
1644 1254 1697 1295 de
1723 1254 1767 1297 la

187 1328 435 1370 blancheur.
459 1342 479 1363 »
502 1326 688 1376 L’Ange,
710 1335 841 1364 messa
850 1335 924 1374 ger
944 1323 995 1362 de
1016 1323 1056 1362 la
1075 1322 1383 1371 Resurrection,
1405 1332 1448 1360 se
1480 1323 1648 1360 montre
1667 1330 1766 1361 sous

188 1405 249 1436 un
267 1394 412 1444 visage
432 1391 505 1444 qui
525 1402 551 1430 a
569 1389 709 1430 l’eclnt
724 1388 775 1428 de
795 1387 836 1427 la
868 1387 1016 1427 foudre
1045 1390 1088 1427 et
1119 1398 1215 1426 sous
1246 1398 1305 1426 un
1336 1387 1551 1426 vetement
1582 1385 1769 1426 celetem

186 1459 241 1501 de
259 1457 504 1507 blancheur,
527 1454 611 1496 afin
633 1465 713 1507 que
743 1464 820 1492 son
853 1464 1088 1505 apperence
1120 1451 1357 1491 exterieure
1390 1451 1567 1491 terrifiat
1595 1451 1656 1491 les
1673 1451 1767 1493 11ιό-

189 1525 338 1566 chants
357 1526 399 1563 et
417 1520 606 1562 80880181
624 1520 683 1560 188
698 1519 847 1571 justes,
872 1518 933 1558 dit
963 1518 1074 1557 seint
1103 1516 1320 1569 Gregoire.
1343 1516 1451 1557 c’est
1475 1527 1628 1557 encore
1657 1526 1770 1569 pour

188 1590 251 1632 188
267 1588 416 1642 impies
435 1599 517 1640 que
536 1586 576 1627 le
595 1585 895 1626 tremblement
925 1583 977 1623 de
998 1586 1109 1624 terre
1139 1586 1212 1623 881
1245 1582 1346 1631 1188,
1381 1581 1686 1623 tremblement
1714 1580 1770 1623 th

189 1657 303 1696 terre
322 1653 394 1707 qui
414 1663 561 1693 remua
578 1650 872 1692 terriblement
891 1649 950 1689 les
969 1647 1125 1688 soldats
1145 1648 1219 1701 qui
1241 1647 1461 1700 gardaient
1491 1646 1532 1687 18
1561 1646 1769 1701 sepulcre,

188 1722 311 1762 emus
330 1718 441 1759 aussi
458 1730 536 1771 par
554 1717 594 1757 18
614 1727 694 1756 vue
713 1715 765 1756 de
785 1715 953 1766 l’Ange.
974 1713 1246 1762 NeanmoinS,
1275 1712 1326 1752 ils
1348 1724 1402 1753 ne
1434 1712 1580 1752 furent
1598 1724 1674 1766 pas
1691 1723 1772 1752 en-

194 1785 363 1838 5108118,
385 1795 549 1824 comme
582 1781 733 1830 Chore,
765 1780 933 1821 Dathan
967 1782 1009 1819 et
1041 1778 1214 1826 Abiron,
1251 1778 1359 1818 ainsi
1391 1778 1514 1831 qu'ils
1545 1777 1772 1818 rann-aient

189 1851 358 1899 merite,
379 1861 504 1902 parce
525 1859 606 1901 que
628 1847 731 1887 Dieu
762 1846 876 1886 avait
907 1844 1045 1884 resolu
1075 1844 1125 1884 de
1156 1844 1216 1884 les
1253 1855 1490 1894 conserver,
1530 1843 1615 1884 afin
1647 1841 1775 1896 qn’ils

192 1918 367 1969 pussent
398 1914 531 1954 servir
562 1913 614 1952 de
646 1911 830 1951 temoins
874 1912 899 1950 8
936 1922 980 1949 sa
1014 1909 1305 1950 Resurrection
1337 1910 1490 1961 eupres
1529 1908 1602 1948 des
1641 1907 1771 1949 Juifs.

195 2093 321 2133 Nolite
352 2092 486 2129 timere
517 2101 595 2136 VOS,
627 2090 749 2137 inquit
782 2089 959 2135 Angelus.
1001 2089 1041 2125 in
1060 2089 1233 2125 timorem
1256 2088 1423 2134 vertitur,
1446 2098 1529 2134 quae
1550 2087 1623 2133 piis
1655 2086 1773 2124 estin

196 2142 268 2187 Qui
293 2151 381 2188 ergo
411 2140 544 2176 timere
581 2138 751 2175 debent?
789 2138 964 2173 Timeant
1000 2137 1185 2173 solamen.
1221 2137 1264 2172 In
1300 2136 1411 2182 hujus
1443 2136 1496 2171 rei
1535 2134 1771 2181 symbolum,

195 2189 320 2236 impii,
352 2198 441 2224 nam
485 2197 617 2234 pravos
662 2186 796 2221 merito
852 2185 963 2221 timor
1001 2196 1040 2220 as
1069 2190 1174 2221 ectus
1194 2183 1326 2230 Angcli
1348 2182 1536 2229 loquentis
1568 2187 1646 2219 erat
1670 2182 1774 2220 sicul.

195 2240 323 2280 terret,
356 2235 438 2282 pios
482 2234 623 2271 solatur
660 2233 821 2269 ass'ectiO.
868 2232 963 2268 Audi
1003 2233 1039 2269 t'u
1058 2243 1140 2277 gur,
1162 2236 1197 2268 ct
1217 2231 1440 2268 vestimenta
1460 2231 1555 2267 sicut
1576 2229 1774 2276 ni13quiu.

197 2288 371 2322 sanctum
416 2282 703 2328 Chrysologum,
754 2291 825 2316 scr.
872 2281 918 2316 80
952 2290 959 2315 :
1005 2295 1018 2313 α
1055 2280 1095 2316 18
1116 2280 1263 2323 fulgure
1298 2283 1416 2315 terror
1453 2278 1599 2314 timoris
1631 2282 1700 2324 est,
1730 2277 1774 2315 in

201 2347 216 2366 α
239 2332 384 2368 Timeat
402 2330 517 2367 ludas
542 2330 606 2376 qui
632 2328 798 2371 tradidit,
822 2327 963 2364 Pilatus
1003 2328 1088 2364 nive
1117 2327 1422 2363 blandimentum
1444 2326 1633 2363 candoris
1658 2340 1675 2358 ιι
1698 2325 1775 2363 An-

196 2380 261 2429 qui
279 2378 439 2422 addixit,
453 2377 562 2415 Miles
581 2376 645 2423 qui
664 2376 796 2412 illusit.
819 2375 963 2411 Timent
1002 2375 1107 2421 gelus
1139 2385 1226 2421 ergo
1265 2374 1566 2410 Resurrectionis
1594 2372 1771 2420 nuntius,

197 2426 372 2473 impietas
409 2435 492 2471 quae
531 2423 734 2468 crucifixit,
763 2423 965 2460 crudelitas
1003 2423 1043 2459 in
1063 2423 1209 2469 fulgore
1229 2422 1353 2458 vultus
1375 2426 1410 2458 et
1432 2421 1581 2458 habitus
1607 2421 1774 2458 candore

198 2483 282 2523 quae
296 2473 569 2521 poeulaamara
584 2471 809 2518 propinavit,
823 2471 964 2507 saevitia
1002 2471 1296 2509 demonstratur.
1318 2474 1359 2506 ut
1378 2469 1459 2515 ipsa
1491 2479 1559 2505 sua
1589 2468 1717 2515 specie
1735 2471 1776 2505 et

199 2531 284 2568 quae
301 2520 446 2557 obsedit
467 2519 672 2566 sepultum,
693 2519 850 2565 pertidia
882 2528 965 2564 quae
1004 2522 1157 2554 terreret
1178 2516 1367 2564 reprobos,
1391 2521 1425 2553 81
1459 2517 1642 2553 mulceret
1671 2516 1772 2563 pios,

200 2568 291 2605 emit
317 2567 572 2613 mendacium,
593 2566 855 2603 inhumanitas
882 2576 965 2612 quae
1003 2565 1126 2612 inquit
1146 2570 1300 2602 sanctus
1326 2565 1540 2611 Gregorius.
1571 2564 1705 2610 Utique
1733 2566 1774 2601 et

198 2614 316 2652 fidem
334 2615 514 2652 vendidit.
544 2629 559 2648 1
596 2614 744 2651 Τ181818
776 2624 863 2667 ergo
895 2614 963 2650 dc·
1004 2618 1155 2660 propter
1174 2613 1311 2658 impios
1342 2618 1450 2649 181188
1487 2617 1612 2648 motus
1650 2611 1774 2648 sactus

200 2663 291 2700 bent
310 2661 433 2708 impii,
453 2663 518 2708 qui
543 2662 667 2698 adbuc
693 2666 855 2707 peccatis
888 2661 966 2697 suis
1004 2664 1072 2708 est,
1119 2671 1192 2707 quo
1236 2660 1350 2696 etiam
1406 2659 1548 2696 milites
1596 2658 1774 2696 custodes

201 2710 394 2748 Christum
451 2709 602 2753 rodunt,
623 2709 803 2752 illudunt,
823 2709 966 2745 amari-
1004 2708 1196 2755 sepulchri
1216 2708 1311 2744 mire
1331 2708 1513 2744 commoti
1545 2711 1647 2750 sunt,
1675 2706 1774 2742 sicut

202 2758 334 2795 tudine
378 2767 399 2792 a
427 2756 562 2801 181881,
602 2756 844 2802 crucifigunt,
900 2756 965 2802 qui
1003 2761 1039 2793 et
1059 2756 1205 2792 visione
1224 2755 1370 2802 Angeli.
1392 2754 1477 2792 Non
1500 2759 1627 2791 tamen
1647 2753 1774 2789 absor-

201 2805 359 2851 indigne
379 2804 426 2840 ad
442 2803 681 2840 Sacramenta
698 2804 897 2840 accedunt.
922 2804 965 2839 111
1005 2803 1059 2850 pti
1091 2805 1194 2840 suere
1222 2803 1330 2849 juxta
1368 2802 1503 2839 merita
1537 2812 1618 2847 sua,
1654 2801 1773 2836 instar

201 2862 284 2891 non
305 2850 446 2889 habent
464 2854 608 2897 partem
625 2851 668 2887 in
679 2851 967 2888 Resurrectione
1005 2851 1139 2896 Chore,
1161 2850 1323 2894 nathan,
1342 2855 1379 2886 et
1397 2849 1563 2892 Abiron;
1593 2849 1774 2884 decreve-

203 2899 357 2947 Christi‚
373 2901 638 2946 permanentes
651 2898 822 2935 membra
841 2898 967 2936 diabo·
1007 2902 1061 2935 rat
1097 2908 1264 2944 namque
1300 2908 1365 2935 eos
1403 2898 1502 2934 Deus
1539 2903 1701 2937 servare,
1729 2896 1774 2932 ut

203 2947 249 2996 li,
268 2947 402 2988 mortis
420 2946 489 2984 rei.
509 2945 576 2983 nis
590 2944 716 2993 potius
733 2945 968 2984 Resurrectio
1005 2949 1160 2994 possent
1178 2945 1253 2983 sibi
1270 2945 1411 2983 servire
1427 2948 1621 2989 tamquam
1639 2941 1772 2979 1188118-
