1898 3172
0 0 180 56 {ww-3¹
202 5 253 37 “viv
270 45 276 56 Ι
321 0 331 8 '
370 0 421 54 3⁸¹
462 2 512 52 ὲὺ
539 0 647 35 -ὶἼῆζδῚ,
658 0 729 43 θζιί
758 0 778 42 31
806 0 813 11 ι
833 0 942 44 ῃῃηια,

69 66 89 75 α,
119 62 122 66 ⁴
439 79 441 82 Ι
790 54 795 60 ⁰
815 51 834 77 ⁷.

541 41 666 63 ²»

557 142 561 147 ’
587 161 637 192 u
663 145 769 194 ‘riu-13
794 159 851 190 ms·
878 158 930 189 m
958 155 1209 188 remmom-n.
1606 147 1687 191 333

112 243 176 287 lui
192 243 510 286 disaitzMontez
527 239 580 285 de
598 238 641 280 la
658 241 770 278 terre
789 248 845 277 au
863 235 943 276 ciel
962 238 1006 276 et
1023 233 1167 288 placez
1189 234 1309 274 votre
1329 234 1446 274 trous
1466 246 1521 274 au
1539 233 1688 277 milieu

113 310 186 351 des
204 308 348 350 arbres
365 305 550 355 celestes,
571 306 629 354 et,
650 314 774 355 parce
795 313 876 355 que
891 300 937 354 je
957 299 1039 340 sais
1066 310 1148 353 que
1179 310 1283 339 vous
1315 299 1462 338 voulez
1488 300 1600 350 jetez
1629 299 1688 340 du

115 375 186 416 feu
204 386 276 415 sur
294 373 336 414 la
353 372 522 412 eontree
542 380 623 422 que
642 379 744 408 vous
763 379 920 416 verr-ez,
950 379 970 404 «
985 377 1074 406 rem
1081 365 1230 418 plissez
1250 366 1368 404 votre
1382 363 1499 404 main
1511 364 1563 405 de
1576 365 1691 406 ehar-

113 441 220 482 hons
237 438 407 480 ardents
425 440 468 476 et
485 433 770 488 repandez-les
789 446 861 472 sur
881 432 921 472 la
940 431 1054 471 ville.
1080 447 1099 468 ω

167 505 202 546 11
219 504 266 544 fit
279 503 381 552 cela,
397 501 505 542 celui
524 501 627 540 dont
646 500 687 539 la
706 499 849 552 parole
864 500 926 537 est
943 497 963 533 ‹'‹
978 508 1141 536 comme
1155 509 1214 536 un
1233 496 1303 535 feu
1318 495 1424 535 dans
1441 494 1558 543 Sion,
1576 494 1640 536 dit
1650 494 1690 536 le

113 568 335 623 Prophetis,
359 577 521 606 comme
541 578 599 605 un
619 564 740 616 foyer
760 563 861 602 daus
880 561 1132 603 Jerusalem.
1155 559 1290 614 (Isai‘e.
1313 571 1425 611 xxxx,
1447 559 1505 613 9.)
1530 576 1549 596 n
1567 560 1602 601 11
1628 563 1691 600 est

111 634 264 686 l'Ange
284 632 341 672 du
364 631 499 684 grand
524 629 681 670 eonseil
702 629 773 682 qui
794 628 963 680 remplit
983 640 1057 667 son
1073 626 1292 668 encensoir
1307 626 1362 664 du
1378 626 1447 666 feu
1463 625 1514 665 de
1529 625 1687 674 l'autel‚

113 711 275 743 comme
294 697 412 751 parle
431 695 544 736 saint
561 695 682 743 Jean,
704 697 746 732 et
766 694 802 733 le
819 694 910 744 jeta
930 705 1000 732 sur
1020 692 1061 732 la
1082 695 1208 732 terre.
1245 690 1388 744 (Apoe.
1424 701 1515 739 vm,
1550 690 1611 743 5.)
1641 690 1690 731 Je

113 776 225 806 veux
242 762 381 817 parler
400 761 456 801 du
477 761 564 809 feu,
586 760 642 800 du
662 759 748 799 zele
769 763 810 797 et
841 759 892 797 «le
925 759 963 797 la
996 757 1171 805 charite,
1208 756 1346 809 lequel
1380 768 1431 796 ne
1464 767 1507 795 se
1540 761 1690 796 trouve

113 829 233 885 point
252 841 323 869 sur
343 830 453 868 terre
474 825 537 866 s’il
557 825 627 877 n’y
647 828 710 864 est
730 826 892 875 envoy&
914 823 968 862 (lu
990 822 1095 871 cie13
1119 822 1190 874 qui
1226 833 1276 861 ne
1309 833 1351 860 se
1383 824 1532 861 trouve
1563 820 1689 873 point

115 895 219 935 dans
239 891 488 934 l’encensoir
508 903 562 930 ou
582 902 654 930 sur
675 888 819 929 l'autel
841 888 892 926 ‹le
915 891 1036 927 notre
1056 899 1188 935 coeur,
1211 886 1274 926 s'il
1296 898 1347 926 ne
1369 886 1485 926 vient
1505 886 1557 926 de
1586 886 1689 926 l'en-

115 959 279 1001 censoir
298 962 340 998 et
358 958 410 998 de
429 956 574 997 l’autel
593 955 742 995 celeste
763 957 806 993 et
825 954 957 992 divin.
980 952 1090 992 C'est
1109 954 1133 991 a
1152 964 1198 991 ee
1219 952 1288 991 feu
1323 963 1404 1005 que
1437 951 1693 1004 participent

115 1023 389 1078 aujourd'hui
432 1022 491 1062 les
537 1020 730 1073 disciples
773 1022 796 1058 ai
823 1018 1073 1066 Jerusalem,
1108 1017 1262 1070 auquel
1297 1017 1551 1070 participent
1581 1018 1693 1058 aussi

115 1091 176 1133 les
194 1090 338 1131 fideles
356 1089 517 1142 chaque
533 1086 632 1138 jour
663 1086 768 1126 dans
788 1089 878 1123 tout
907 1083 1108 1123 l'univers
1129 1093 1293 1122 comme
1331 1082 1403 1122 des
1443 1083 1612 1122 enfauts
1643 1082 1695 1123 de

117 1157 236 1199 Sion.

171 1223 242 1262 111.
262 1222 322 1261 La
339 1219 551 1259 troisieme
570 1216 710 1256 raison
730 1228 837 1267 pour
858 1214 1036 1267 laquelle
1058 1214 1094 1253 le
1116 1212 1403 1265 Saint-Esprit
1422 1217 1605 1265 apparut
1626 1224 1695 1253 au-

119 1287 260 1329 dessus
278 1286 351 1326 des
370 1285 545 1336 Apotres
569 1294 664 1322 sous
695 1281 958 1333 l’appm-euee
993 1279 1049 1318 du
1083 1279 1170 1329 feu,
1202 1277 1299 1318 c'est
1332 1289 1429 1331 que,
1464 1278 1529 1317 de'
1551 1278 1692 1319 meme

120 1352 223 1406 qu'il
239 1351 352 1392 avait
371 1348 573 1389 autrefois
592 1347 797 1387 constitue
820 1349 860 1384 et
880 1345 1063 1384 autorisa-
1086 1343 1144 1383 les
1165 1343 1395 1395 Prophetes
1416 1355 1491 1396 par
1525 1344 1563 1383 le
1596 1343 1686 1394 feu,

118 1418 150 1460 il
169 1416 317 1458 voulut
336 1414 578 1467 egolement
594 1411 799 1451 autorisez·
820 1411 879 1450 les
903 1411 1079 1462 Apotres
1099 1421 1176 1461 par
1195 1408 1233 1448 le
1255 1409 1342 1448 feu.

173 1482 291 1525 Ainsi
310 1478 525 1528 autrefois,
548 1478 578 1517 il
598 1489 794 1516 consecra
815 1477 918 1516 isaie
940 1473 1163 1527 Prophete,
1186 1486 1239 1512 en
1268 1473 1484 1523 touchant,
1519 1473 1695 1515 brnlant

119 1552 162 1591 et
178 1546 382 1602 purifiant
400 1557 463 1585 ses
481 1544 614 1584 levi-es
633 1554 732 1582 avec
753 1555 809 1581 un
832 1541 1019 1580 chax-bon
1039 1539 1090 1579 de
1111 1539 1181 1578 feu
1205 1537 1337 1591 (Isafe.
1361 1538 1452 1591 v1.),
1489 1538 1575 1579 afiu
1609 1551 1692 1592 que

0 1603 18 1685 Ξ
119 1626 166 1656 sa
183 1614 341 1665 langue
362 1614 404 1651 et
422 1622 468 1650 sa
499 1608 661 1649 houehe
681 1608 844 1647 fussent
880 1607 936 1646 du
975 1606 1046 1645 feu
1083 1617 1191 1657 pour
1222 1604 1471 1644 enssammer
1491 1603 1550 1643 les
1586 1604 1697 1646 Juifs

17 1674 20 1678 ’
120 1679 311 1720 d'amour
330 1676 381 1717 de
400 1675 519 1724 Dieu,
544 1678 585 1714 et
604 1685 712 1726 pour
742 1683 957 1711 anuonver
993 1670 1035 1710 la
1071 1669 1215 1722 parole
1252 1670 1304 1710 de
1342 1670 1464 1717 Dieu‚
1506 1681 1613 1722 pure
1650 1673 1695 1710 et

121 1744 330 1798 eprouvee
350 1753 427 1794 par
447 1741 485 1780 le
505 1739 576 1779 feu
599 1738 683 1791 (Ps.
701 1749 803 1779 xvu.
830 1739 874 1777 31
890 1736 932 1789 .).

174 1809 304 1857 Ainsi,
328 1808 358 1847 il
377 1806 586 1847 constitua
605 1805 733 1845 Mo‘i'se
754 1803 976 1853 prophete,
1001 1813 1052 1841 en
1073 1800 1134 1841 lui
1154 1800 1447 1854 apparaissant
1466 1812 1521 1840 au
1547 1799 1697 1842 milieu

122 1875 174 1916 de
191 1874 234 1915 la
251 1873 421 1914 flamme
441 1870 541 1911 d'un
561 1870 731 1909 buisson
753 1869 899 1908 ard-wit
923 1866 1073 1920 (Eoeocl.
1096 1867 1194 1919 111.)‚
1215 1869 1258 1906 et
1290 1865 1340 1906 de
1372 1865 1414 1905 la
1446 1865 1476 1905 il
1505 1864 1700 1918 l'euvoya

121 1939 225 1981 tirer
243 1939 283 1980 le
300 1937 451 1991 peuple
471 1936 523 1976 de
542 1935 583 1975 la
602 1934 798 1987 captivite
822 1934 1043 1984 d'Egypte,
1067 1932 1128 1972 lui
1149 1931 1366 1972 conferant
1385 1931 1424 1971 le
1445 1931 1627 1983 pouvoir
1646 1930 1700 1971 de

126 2117 239 2162 Quasi
259 2115 358 2152 dicat
379 2125 389 2152 ε
411 2114 580 2151 Ascende
599 2124 621 2148 a
641 2117 737 2148 terra
758 2112 797 2147 in
819 2120 910 2163 (we-5
928 2114 963 2146 et
984 2109 1114 2146 fideles
1133 2109 1299 2155 quotidie
1320 2108 1359 2145 in
1380 2112 1457 2146 toto
1476 2107 1580 2154 orbe,
1611 2112 1699 2145 tan·

57 2168 61 2169 ⁷
125 2164 222 2208 lum,
236 2168 271 2200 et
292 2163 419 2200 sedem
436 2172 534 2208 poue
550 2161 590 2197 in
603 2160 727 2196 medio
741 2159 909 2195 ονὶήιιιιι1
930 2168 1041 2204 quam
1066 2157 1147 2192 Filii
1166 2156 1270 2192 Sion.

126 2212 352 2257 coelestium,
397 2213 434 2246 et
462 2209 549 2255 quia
583 2208 661 2244 scio
695 2212 729 2243 to
763 2207 890 2249 ignom
977 2204 1100 2240 Tertia
1125 2204 1232 2247 ratio,
1254 2213 1323 2240 cur
1353 2202 1514 2248 Spiritus
1538 2202 1700 2238 Sanetus

124 2259 222 2296 velle
241 2259 390 2295 mittere
410 2258 449 2294 in
471 2256 664 2302 regionem
693 2255 793 2290 undi-
829 2265 890 2287 vo-
930 2252 1102 2297 apparuit
1133 2261 1245 2297 super
1277 2250 1472 2296 Apostolos
1501 2250 1541 2285 in
1573 2249 1700 2296 specie

29 2323 34 2346 ι
125 2307 202 2352 nis,
235 2320 250 2339 α
273 2306 395 2352 Imple
423 2314 580 2341 manum
614 2308 717 2339 tuam
745 2302 891 2347 prunis,
932 2300 1030 2343 ignis
1051 2304 1119 2342 est,
1142 2299 1228 2345 quia
1248 2298 1346 2334 sicut
1371 2297 1463 2333 olim
1495 2297 1699 2344 Prophetas

127 2358 165 2391 et
193 2353 346 2391 eflunde
376 2363 489 2399 super
520 2351 721 2388 civitatem.
747 2365 760 2380 ι»
795 2349 891 2384 Fecit
932 2347 1126 2383 coustituit
1157 2350 1193 2382 et
1222 2345 1430 2382 auctoravit
1456 2355 1522 2390 por
1552 2345 1697 2390 ignem,

125 2401 167 2438 id
210 2401 306 2448 ipse,
349 2400 473 2446 eujus,
508 2399 616 2445 juxta
654 2397 892 2443 Prophctun,
932 2395 1106 2430 similiter
1127 2394 1245 2430 voluit
1277 2397 1312 2428 et
1345 2392 1540 2438 Apostolos
1569 2392 1701 2429 inauc-

132 2462 148 2481 α
171 2448 270 2494 ignis
301 2452 356 2484 est
389 2448 430 2483 in
465 2446 570 2490 Sion,
591 2449 628 2482 et
659 2446 831 2482 caminus
856 2444 892 2478 iu
934 2447 1053 2478 torare
1078 2451 1143 2487 per
1173 2441 1314 2483 ignem.
1347 2440 1408 2476 Sic
1437 2439 1531 2476 olim
1562 2440 1700 2477 Isaiam

128 2494 350 2532 Jerusalem.
375 2509 389 2526 n
412 2493 482 2530 Hie
501 2498 556 2529 est
582 2493 710 2539 magni
743 2490 893 2528 consilii
910 2505 913 2518 ·
933 2490 1164 2526 consecravit
1180 2488 1403 2533 Prophetam
1415 2491 1590 2533 tangens,
1609 2487 1701 2524 adu-

128 2541 314 2588 Angelus,
352 2541 417 2587 qui
448 2540 624 2587 ,implevit
658 2538 894 2575 thuribulum
933 2547 1034 2583 rens,
1056 2546 1221 2582 purgans
1240 2535 1321 2579 ejus
1354 2534 1452 2571 labia
1471 2545 1537 2581 per
1561 2534 1698 2572 carbo-

129 2589 178 2626 de
212 2589 301 2635 igne
331 2587 459 2624 altaris
489 2588 692 2633 (quomodo
730 2586 894 2630 loquitur
934 2594 1020 2620 nem
1064 2583 1245 2629 ignitum,
1286 2587 1326 2618 ut
1370 2582 1539 2628 linguam
1582 2593 1626 2620 os
1653 2592 1700 2619 ue

131 2641 285 2674 sanctus
303 2635 483 2680 loannes)
502 2638 538 2671 et
558 2634 598 2671 in
619 2640 754 2670 terram
777 2633 892 2668 misit.
933 2632 1087 2677 igneum
1125 2629 1278 2666 haberet
1314 2629 1361 2666 ad
1404 2631 1629 2667 innamman
1656 2639 1701 2669 os

130 2684 201 2721 Hic
221 2687 275 2719 est
305 2682 405 2728 ignis
434 2681 503 2719 zeli
534 2687 570 2718 et
601 2681 807 2723 charitatis,
832 2680 893 2723 qui
933 2679 1080 2715 Judaeos
1098 2688 1227 2714 amore
1246 2677 1388 2720 divino,
1411 2682 1446 2714 et
1465 2678 1513 2714 ad
1540 2688 1698 2714 annun·-

130 2741 211 2768 non
231 2730 415 2777 reperitur
434 2729 475 2766 in
495 2733 590 2765 terra
621 2729 697 2764 nisi
728 2728 896 2763 minatur
934 2726 1104 2762 tiandum
1138 2725 1193 2762 eis
1225 2725 1375 2772 eloquia
1407 2725 1559 2762 Domini
1579 2729 1697 2768 casta,

130 2779 178 2816 de
197 2778 309 2821 eoelo‚
330 2787 408 2814 non
427 2775 611 2822 reperitur
629 2775 671 2812 in
702 2774 896 2811 thuribulo
934 2779 969 2810 et
990 2774 1076 2820 igne
1096 2773 1325 2809 examinata.

130 2825 255 2864 autin
275 2824 383 2861 altari
418 2823 542 2860 cordis
575 2822 707 2867 nostri,
731 2822 806 2857 nisi
840 2832 896 2856 ve·
979 2821 1039 2857 Sic
1059 2821 1213 2866 Moysen
1246 2819 1471 2866 Prophetam
1502 2818 1699 2856 constituit

128 2874 211 2911 niat
228 2873 276 2909 de
294 2871 488 2909 thuribulo
507 2875 544 2907 et
562 2870 671 2906 altari
698 2869 838 2906 coelesti
861 2873 896 2904 et
932 2879 1119 2915 apparens
1138 2868 1172 2905 ei
1191 2868 1233 2904 in
1269 2870 1423 2904 namma
1443 2867 1527 2903 rubi
1557 2866 1700 2902 arden-

131 2920 273 2958 divino.
322 2920 430 2956 Hune
473 2916 746 2965 participarunt
786 2916 896 2952 hodie
933 2916 994 2960 tis,
1015 2920 1051 2952 et
1071 2916 1159 2952 inde
1179 2915 1282 2952 misit
1301 2915 1453 2952 eumad
1487 2913 1697 2950 eruendum
1763 2955 1773 2960 „

131 2966 310 3015 discipuli
348 2968 387 3004 in
425 2965 646 3008 Jerusalem,
669 2964 896 3012 participant
932 2963 1115 3011 populum
1134 2963 1181 3000 de
1199 2962 1413 3010 captivitate
1428 2960 1700 3008 AEgypti‚dans
