1898 3172
374 166 426 199 m
449 159 550 203 :omi
574 151 996 220 &humiliatonem
1020 181 1072 212 m
1096 182 1196 215 som
1223 185 1277 217 1111
1305 187 1355 218 u
1386 191 1635 227 »amuco-m,
1708 182 1810 244 Μ’

216 241 372 288 rendra
386 239 416 287 ’ὰ
431 246 474 288 lu
490 247 580 299 vie3
602 249 643 291 le
661 251 876 295 troisieme
889 255 1002 309 jour,
1025 258 1058 299 11
1078 273 1185 302 nous
1215 267 1502 320 ressuscitati,
1523 277 1566 313 et
1588 287 1696 318 nous
1716 271 1795 321 vi·'

214 319 340 350 vrons
357 321 411 352 en
428 323 471 352 sa
490 314 703 364 presence.
725 315 799 371 (vi,
816 318 874 374 3.)
890 335 912 358 »
928 322 1011 363 Par
1029 336 1076 364 sa
1094 329 1440 386 resurrection‚lil
1461 347 1568 377 nous
1587 351 1612 379 a
1633 353 1787 386 ressus-

213 372 313 414 cites
327 376 355 415 ὰ
373 387 456 416 une
474 376 541 419 vie
559 378 867 426 bienheureuse
893 392 935 427 et
967 387 1238 445 immor-telle,
1263 397 1358 436 tant
1387 411 1512 452 parce
1546 404 1648 456 qu’il
1681 420 1789 451 nous

209 449 238 478 a
254 437 393 479 donne
411 439 453 480 la
469 441 528 482 foi
546 450 589 484 et
620 444 875 499 l'esperance
909 454 1097 496 certaine
1129 457 1181 498 de
1205 459 1246 500 la
1265 461 1332 502 vie
1352 467 1395 504 et
1427 465 1480 506 de
1500 466 1540 507 ta
1572 471 1786 516 resurrec-

207 501 312 552 tion,
335 516 416 557 que
435 518 559 559 parce
578 521 674 562 que,
693 522 747 552 en
766 517 889 556 notre
908 517 1006 558 chel*
1020 523 1258 574 ressuscites,
1281 531 1403 568 notre
1425 530 1490 572 vie
1508 535 1550 573 et
1569 538 1690 577 notre
1711 543 1780 580 re-

205 569 436 610 surrentina
455 577 553 613 sont
570 581 872 629 commencees‚
894 582 1002 623 ainsi
1036 598 1117 639 que
1151 601 1258 630 nous
1278 591 1436 635 l’avons
1455 596 1516 637 dit
1543 598 1655 652 ddja.
1678 604 1723 644 2⁰
1745 605 1778 645 11

203 645 230 674 a
247 634 398 675 suseite
430 641 567 679 toutes
585 640 645 681 les
662 642 816 684 bornes
838 645 888 687 de
909 647 950 688 la
970 652 1080 691 terre
1112 665 1190 705 par
1208 654 1249 695 la
1269 658 1442 701 mission
1470 662 1527 703 du
1560 665 1782 710 Saint-Es-

200 697 302 751 prit.
322 699 431 741 c’est
447 702 489 741 151
507 715 553 743 ce
574 717 656 757 que
690 708 842 750 chunte
874 711 1061 765 l'Eglise,
1086 728 1138 757 en
1170 728 1448 774 empruntant
1479 727 1521 767 la
1546 731 1691 781 parole
1722 734 1781 776 du

200 762 336 816 Sage:
357 779 376 804 «
397 766 573 820 L'esprit
594 770 650 811 du
671 773 884 825 Seigneur
902 780 1074 832 remplit
1095 782 1295 826 l'univers
1315 792 1358 828 et
1374 791 1482 831 celui
1496 794 1570 846 qui
1591 798 1778 841 soutient

192 828 291 868 ‘tout
309 831 464 871 entend
485 836 590 874 tout.
609 834 805 890 (Saqesse.
828 851 857 889 1,
878 842 937 896 7.)
959 859 979 879 »
998 847 1130 898 Apres
1149 850 1270 890 avoir
1281 855 1345 893 ete
1366 859 1528 909 euvoye
1543 872 1621 912 par
1639 863 1776 905 ,165118-

194 892 317 943 Grist,
343 898 484 936 monte
502 910 555 938 au
576 900 668 951 ciel,
692 902 862 957 l'Esprit
880 907 1143 953 vivificateur
1157 926 1182 954 a
1195 917 1346 970 rempli
1365 918 1425 960 les
1447 931 1597 974 quatre
1617 929 1775 979 parties

128 1177 132 1194 i
190 1152 312 1194 Saint
330 1156 512 1208 Cyprien
533 1172 587 1200 ou
609 1161 790 1205 l’auteur
810 1167 1070 1222 quelconque
1090 1173 1145 1212 du
1168 1177 1292 1216 traite
1311 1178 1365 1218 du
1386 1180 1509 1223 Sinai
1525 1191 1561 1224 el
1580 1185 1628 1227 de
1648 1188 1765 1240 Sion,

189 1221 262 1258 ont
281 1223 453 1262 raconte
474 1236 555 1275 que
573 1225 774 1269 l’homme
802 1231 867 1272 fut
887 1235 979 1274 eree
1001 1249 1053 1275 au
1087 1251 1448 1286 commencement
1483 1261 1582 1290 avec
1614 1256 1767 1306 quatre

185 1282 390 1335 poignees
410 1287 460 1327 de
478 1292 588 1330 terre
609 1293 738 1343 prises
759 1295 864 1336 dans
897 1298 954 1338 les
975 1306 1124 1352 quatre
1146 1306 1285 1355 points
1305 1310 1550 1364 cardinaux,
1574 1316 1757 1370 Por-ient,

183 1345 416 1399 l’occident‚
433 1353 470 1391 le
484 1354 587 1394 midi
606 1362 647 1396 et
663 1357 699 1397 le
714 1364 989 1412 septentrion.
1010 1367 1121 1407 Vous
1136 1382 1294 1421 pouvez
1312 1375 1415 1424 voir,
1429 1377 1534 1418 dans
1548 1380 1748 1433 Ezechiel,

183 1418 393 1455 comment
413 1417 444 1456 it
475 1418 536 1458 lui
566 1420 629 1460 fut
661 1424 850 1465 ordonne
883 1428 934 1468 de
965 1432 1232 1483 prophetiser
1251 1439 1275 1476 d
1301 1439 1462 1492 l'esprit
1494 1447 1535 1483 et
1566 1446 1618 1487 de
1637 1448 1754 1492 dire:

181 1477 299 1518 Voici
318 1491 363 1519 ce
384 1493 465 1533 que
485 1483 546 1523 dit
567 1485 604 1524 le
637 1487 849 1538 Seigncur
869 1494 996 1535 Dieu:
1022 1497 1164 1547 Viens,
1186 1503 1332 1554 esprit,
1355 1505 1428 1545 des
1448 1512 1598 1559 quatre
1623 1517 1757 1566 vente,

179 1544 222 1581 et
241 1543 390 1585 souffle
423 1559 494 1586 sur
525 1561 590 1589 ees
624 1557 767 1604 morts,
792 1560 834 1596 et
854 1559 976 1610 qu'ils
1008 1562 1213 1604 revivent.
1238 1567 1348 1619 Etje
1368 1572 1649 1626 prophetisai,
1673 1579 1756 1620 dit.

1 1596 27 1676 ‘k'
175 1605 222 1656 il,
243 1619 405 1650 comme
424 1611 454 1651 11
475 1626 542 1653 me
562 1615 706 1658 l'avait
727 1621 940 1672 ordonum
964 1628 1006 1665 et
1026 1639 1078 1667 en
1100 1630 1237 1671 meme
1266 1635 1396 1688 temps
1429 1637 1588 1691 l’esprit
1610 1647 1752 1686 renti-a.

0 1677 28 1722 ᾗ,
175 1682 229 1712 en
247 1684 345 1722 eux,
366 1679 407 1716 et
427 1677 477 1716 ils
495 1681 704 1732 reprirent
722 1684 761 1724 la
782 1688 863 1727 vie.
887 1688 1051 1740 (Eze'cli.
1075 1705 1233 1746 xxxvii,
1255 1700 1281 1738 9
1301 1705 1342 1738 et
1360 1702 1443 1754 10.)
1459 1719 1479 1739 »
1498 1705 1553 1745 Ce
1573 1707 1746 1764 champ,

0 1723 12 1775 ,ι’
174 1738 230 1777 οὺ
247 1737 416 1792 l'Esprit
433 1742 484 1782 de
505 1745 608 1785 Dieu
629 1749 837 1791 condnisit
858 1754 895 1793 le
916 1756 1123 1809 Prophete
1145 1763 1186 1800 et
1206 1763 1278 1815 qui
1310 1766 1412 1806 etait
1444 1770 1597 1822 rempli
1627 1773 1738 1815 d’os-

171 1807 350 1844 sements
382 1806 611 1862 desseches,
634 1813 808 1866 figurait
842 1831 889 1859 ee
921 1823 1090 1874 monde,
1112 1824 1217 1866 dont
1246 1828 1307 1869 les
1338 1830 1554 1875 habitants
1583 1838 1743 1882 etaient

166 1973 230 2011 die
250 1976 357 2014 tertio
377 1981 571 2018 suscitabit
590 1995 675 2028 DOS,
703 1992 738 2023 et
768 1989 936 2028 vivemus
976 1997 1055 2030 tum
1076 1996 1206 2034 orbem
1227 1999 1450 2050 vivificasse,
1485 2007 1572 2052 quia
1603 2009 1645 2046 in
1682 2010 1746 2048 ht>
1788 2021 1798 2030 ‘

166 2020 208 2058 in
229 2031 432 2072 conspectu
453 2028 546 2074 ejus.
573 2045 586 2062 »
975 2042 1077 2079 mine
1097 2046 1226 2082 omnia
1247 2050 1408 2092 quadam
1443 2055 1588 2091 ratione
1617 2058 1745 2095 conti·
1796 2099 1802 2105 ,

214 2068 282 2106 Per
301 2082 408 2109 suam
423 2075 602 2114 nimirum
620 2084 933 2122 resurrectionem
975 2094 1124 2127 nentur.
1144 2092 1247 2130 Unde
1268 2100 1303 2131 ct
1325 2096 1518 2136 hominem
1540 2102 1744 2144 formatum

164 2117 357 2155 suscitavit
388 2132 459 2158 nos
490 2124 537 2160 ad
568 2127 681 2163 vitain
713 2129 858 2167 beatam
897 2139 931 2169 et

164 2161 420 2206 immortalem
441 2181 449 2206 z
475 2175 554 2208 tum
574 2175 661 2220 quia
686 2175 790 2213 dedit
824 2179 931 2216 nobis·

162 2209 277 2248 fidem
297 2218 332 2250 et
351 2227 458 2262 spem
479 2225 619 2258 certain
641 2223 725 2260 vitae
746 2230 781 2260 et
803 2236 929 2263 resur-

163 2259 362 2307 rectionis;
396 2268 475 2302 turn
495 2268 583 2313 quia
604 2269 644 2306 in
666 2271 746 2317 ipso
767 2275 929 2311 suseita-

160 2308 198 2342 to
217 2307 280 2353 qui
301 2316 411 2356 caput
431 2319 598 2352 nostrum
620 2323 688 2362 ost,
712 2319 784 2356 vita
805 2326 837 2357 et
868 2334 927 2358 re-

159 2355 341 2393 surrectio
361 2365 487 2396 nostra
507 2362 682 2402 inchoata
702 2372 770 2409 est,
794 2373 832 2404 ut
848 2370 927 2415 jam

158 2399 338 2439 diximus.

203 2447 388 2498 Secundo,
417 2456 611 2494 suscitavit
631 2469 766 2497 omnes
801 2465 927 2500 termi-

155 2502 227 2530 nos
265 2500 372 2534 terrae
403 2511 469 2546 pei·
506 2504 727 2544 missionem
764 2510 925 2556 Spiritus

157 2542 293 2578 sancti.
335 2545 412 2582 Hoc
443 2549 589 2588 scilicet
619 2557 793 2601 estquod
822 2560 924 2596 canit

154 2586 323 2626 Ecclesia
342 2602 388 2628 ex
409 2594 584 2641 Sapiente
606 2610 615 2636 :
634 2615 647 2632 o·
670 2602 830 2648 Spiritus
852 2606 924 2643 Do-

153 2634 250 2672 mini
269 2638 426 2684 replevit
440 2643 568 2682 orbem
591 2651 788 2695 terrarum,
801 2656 835 2688 et
851 2653 921 2690 hoc

151 2683 252 2728 quod
272 2687 438 2725 continet
471 2693 599 2729 omnia
629 2697 827 2735 scientiam
849 2700 919 2737 hau

151 2727 215 2766 het
248 2733 363 2769 vocis.
389 2749 402 2767 »
427 2736 594 2784 Replevit
625 2744 728 2780 enim
760 2746 919 2792 Spiritus

149 2775 343 2817 vivificans
362 2793 384 2818 a
404 2783 550 2823 Christo
579 2788 716 2827 missus
741 2798 826 2838 post
853 2806 917 2831 as—

148 2825 369 2865 censionem
401 2830 504 2868 orbis
541 2839 700 2880 quatuor
736 2845 860 2885 partes
905 2854 920 2880 :·

147 2872 304 2918 replevit
326 2875 519 2917 hominem
554 2883 616 2928 qui
649 2884 916 2927 Microcosmos

147 2919 225 2956 sive
263 2921 401 2961 Parvus
422 2929 588 2966 mundus
607 2931 760 2978 dicitur,
781 2935 914 2974 illum-

974 2136 1087 2173 fuisse
1125 2139 1234 2177 initio
1283 2153 1329 2179 ex
1386 2151 1543 2191 quatuor
1588 2152 1744 2199 pugillis

973 2187 1083 2221 terrae
1101 2186 1310 2235 desumptis
1330 2203 1351 2226 a
1373 2198 1531 2237 quatuor
1544 2197 1647 2236 orbis
1658 2210 1742 2247 par-

972 2230 1084 2276 tibus,
1112 2234 1279 2280 Oriente,
1314 2238 1533 2287 Occidente,
1568 2244 1739 2293 Meridie,

968 2279 1243 2326 septentrione,
1286 2286 1519 2326 tradiderunt
1560 2295 1740 2335 nonnulli

968 2336 1012 2361 ex
1052 2329 1235 2375 antiquis,
1263 2331 1363 2369 inter
1393 2346 1487 2381 quos
1507 2340 1736 2388 cyprianus,

968 2377 1124 2412 tractatu
1156 2377 1202 2413 dc
1229 2378 1318 2416 Sina
1350 2386 1386 2417 et
1415 2383 1519 2428 Sion,
1542 2387 1597 2424 vel
1629 2390 1738 2436 quis—

966 2421 1049 2465 quis
1069 2428 1122 2459 est
1143 2430 1286 2462 auctor.
1308 2427 1414 2474 Apud
1429 2431 1665 2474 Ezechielem
1679 2438 1736 2476 in·

966 2468 1092 2505 venies
1111 2474 1300 2517 quomodo
1321 2476 1354 2512 ei
1375 2480 1595 2519 mandatum
1620 2484 1734 2523 fuerit

964 2517 1159 2554 vaticinari
1189 2521 1236 2556 ad
1270 2521 1460 2571 spiritum,
1494 2532 1530 2564 et
1561 2530 1687 2570 dicere
1719 2544 1730 2571 z

966 2577 979 2594 «
1024 2564 1110 2601 llaec
1146 2566 1239 2604 dicit
1279 2569 1460 2610 Dominus
1482 2585 1490 2611 :
1513 2577 1540 2612 Α
1599 2585 1732 2618 uatuor

962 2612 1082 2647 ventis
1117 2615 1215 2659 veni,
1238 2615 1412 2666 Spiritus,
1434 2626 1470 2658 et
1489 2622 1573 2660 insu
1621 2638 1644 2663 a
1661 2638 1730 2665 su-

960 2667 1026 2702 per
1060 2659 1278 2699 interfectos
1303 2665 1407 2713 istos,
1430 2673 1465 2706 et
1487 2672 1726 2712 reviviscant.

960 2705 1003 2740 Et
1022 2707 1271 2757 prophetavit,
1293 2711 1430 2762 inquit,
1452 2717 1550 2755 sicut
1582 2732 1728 2767 praece-

958 2757 1061 2806 perat
1081 2755 1191 2800 mihi,
1212 2762 1247 2794 et
1266 2759 1459 2808 ingressus
1480 2771 1534 2802 est
1554 2769 1726 2814 spiritus,

956 2803 991 2835 et
1012 2808 1200 2840 vixerunt.
1227 2820 1241 2837 »

1002 2847 1165 2896 Campus
1185 2857 1285 2891 recte
1304 2855 1370 2893 ille
1398 2857 1440 2895 in
1471 2870 1584 2906 quem
1604 2862 1723 2899 educ-

955 2896 1014 2930 tus
1033 2901 1112 2933 erat
1129 2909 1152 2934 a
1171 2900 1304 2946 spiritu
1336 2904 1489 2942 Domini
1523 2908 1721 2955 Propheta,

953 2942 1016 2987 qui
1036 2944 1185 2982 ossibus
1203 2948 1319 2986 aridis
1338 2951 1474 2997 plenus
1495 2959 1588 2999 erat,
1610 2966 1720 2998 mun·

142 2975 221 3014 que
238 2968 504 3022 vivificavit,et
522 2975 650 3017 initio
670 2986 845 3022 censetur
862 2989 914 3024 to·
951 2988 1043 3028 dum
1084 2992 1202 3032 istum
1240 2996 1477 3047 designabat,
1505 3002 1570 3049 qui
1599 3002 1644 3042 in
1671 3014 1718 3044 eo
