1884 3164
702 132 761 182 mii
786 135 890 171 38118
914 138 968 169 ns
996 137 1169 174 11181815.
1655 154 1658 156 -
1687 122 1764 173 31

162 230 245 270 cie,
267 233 291 257 »ι
311 228 368 260 on
385 219 505 258 toute
523 219 645 259 autre
663 217 847 260 foi-mule
877 216 1123 259 semblable.
1143 216 1263 258 Gette
1292 214 1539 270 inscription
1560 216 1747 271 indique

162 285 375 335 comment
392 285 486 324 tout
501 283 674 326 homme
692 283 789 325 finit
800 295 879 339 par
896 282 1072 324 devenir
1090 293 1149 322 uu
1163 281 1357 334 exemplo
1376 281 1429 322 de
1447 281 1659 333 faiblesse,
1680 292 1744 324 nn

161 348 308 391 miroir
328 348 380 390 de
393 349 653 402 corruption,
669 361 728 390 un
743 349 904 390 esclave
917 347 1025 389 dela
1038 350 1166 398 mort,
1182 358 1267 387 une
1281 346 1492 399 depouille
1508 347 1563 387 du
1586 347 1741 401 temps,

158 413 201 455 18
218 413 462 454 nourriture
483 413 556 454 des
580 426 689 455 vers.
717 415 837 465 Mais,
857 414 916 455 du
934 413 1089 464 Christ,
1112 412 1143 452 il
1162 412 1269 453 etait
1288 412 1391 452 ecrit
1413 425 1424 453 ε
1450 427 1471 449 «
1492 412 1560 453 Me
1579 411 1698 453 cheir
1716 423 1744 455 8

156 481 303 532 repose
340 479 446 519 dans
474 479 745 533 l'esperance,
779 492 851 520 car
879 491 984 521 vous
1018 478 1387 518 n'abaudonnerez
1419 490 1493 530 pas
1522 488 1627 519 mon
1645 477 1743 521 ame

158 544 322 586 dansle
341 544 554 595 tombeau,
579 558 683 586 vous
702 557 756 586 ne
775 547 1028 598 permettrez
1059 556 1134 596 pas
1166 555 1249 596 que
1280 547 1401 584 votre
1432 543 1542 583 saint
1573 542 1669 584 voie
1699 542 1744 584 18

159 610 418 663 corruption.
440 609 527 662 (Ps.
550 622 636 661 xv1‚
661 613 712 652 10
733 613 774 652 et
795 610 880 664 11.)
902 626 923 647 n
945 609 1070 652 Voila
1090 609 1300 662 pourquoi
1318 609 1361 648 18
1380 611 1492 648 terre
1525 607 1591 648 fut
1619 607 1742 649 bien-

160 676 224 716 tet
242 676 478 716 contrninte
499 675 549 715 de
569 676 720 717 rendre
741 688 786 716 ce
807 676 933 729 depet
950 676 1185 721 tres-saint,
1208 674 1248 714 18
1269 678 1381 714 terre
1414 673 1487 728 qui
1526 674 1743 715 renferme

161 752 217 781 en
236 740 317 781 elle
337 741 396 781 les
416 744 645 782 ossements
664 744 707 782 et
725 742 785 781 les
804 741 978 782 cendres
995 741 1133 781 meme
1154 741 1227 780 des
1256 741 1402 788 saints,
1425 752 1533 792 pour
1563 739 1623 779 les
1641 751 1742 780 ren-

161 806 236 847 dre
250 806 486 847 seulement
506 808 531 847 a
551 807 590 847 la
610 807 671 847 fin
691 806 747 846 du
768 806 938 847 monde.
962 806 1083 847 Voile
1102 805 1312 858 pourquoi
1345 806 1383 845 le
1417 805 1627 857 Prophete
1659 804 1744 845 s’e-

161 872 246 912 erie
269 885 308 912 :«
328 874 602 921 bevez-vous,
626 872 851 924 seigneur,
876 884 978 912 vous
997 875 1039 912 et
1058 870 1213 911 l’arche
1225 871 1276 910 de
1290 874 1409 911 voire
1422 869 1742 911 sanctification-

160 935 247 990 (Ps.
271 937 428 991 cxxxl.)
448 953 469 975 »
499 937 610 978 C'est
640 949 804 978 comme
841 937 905 977 s'il
938 937 1064 977 disait
1088 949 1097 976 :
1117 938 1380 977 Levez-vous
1409 948 1517 989 pour
1549 935 1589 975 le
1621 947 1745 987 repos

159 1002 355 1054 glorieux
374 1015 474 1043 avec
494 1006 611 1043 votre
631 1015 751 1056 corps
773 1003 951 1054 glorifie‚
975 1015 1098 1055 parce
1125 1002 1227 1055 qu'il
1250 1014 1303 1041 ne
1335 1002 1532 1041 convient
1564 1013 1638 1053 pas
1657 1010 1742 1053 que

158 1079 204 1108 ce
225 1079 358 1120 corps,
376 1080 458 1121 que
477 1080 581 1108 vous
600 1080 701 1108 avez
723 1068 855 1108 choisi
874 1080 1037 1108 comme
1051 1068 1204 1107 l'arclie
1219 1071 1260 1107 et
1276 1067 1541 1107 l'habitation
1556 1066 1607 1105 de
1622 1071 1742 1106 νου-8

157 1132 350 1181 divinite,
372 1133 558 1173 sanctific
577 1146 653 1186 par
672 1133 752 1174 elle
781 1132 907 1173 d’une
939 1133 1128 1174 manici-e
1160 1132 1395 1173 admirable
1427 1137 1470 1172 et
1502 1135 1594 1171 tout
1613 1134 1637 1170 a
1663 1131 1744 1171 fait

160 1197 586 1250 incomprehensible,
609 1198 690 1237 soit
710 1198 848 1238 reduit
867 1210 921 1237 en
954 1198 1124 1238 cendres
1160 1202 1204 1237 et
1235 1198 1376 1237 tombe
1408 1209 1461 1237 en
1496 1196 1744 1249 pourriture

163 1274 327 1303 comme
347 1263 407 1302 les
429 1269 570 1303 autres
588 1275 722 1314 corps.
746 1263 852 1315 Qu’y
872 1263 994 1302 a-t-il
1013 1263 1064 1303 de
1084 1274 1282 1302 commun
1315 1266 1435 1303 entre
1468 1263 1506 1302 le
1538 1262 1743 1315 sepulcre,

166 1332 209 1369 et
226 1339 344 1378 vouS,
368 1330 392 1368 ὀ
412 1329 478 1368 fils
498 1328 548 1368 de
570 1328 675 1368 Dieu
694 1328 871 1369 vivant?
890 1328 997 1380 Qu'y
1028 1329 1139 1368 a-t-il
1172 1328 1223 1368 de
1254 1340 1453 1368 commun
1486 1331 1606 1368 entre
1639 1338 1747 1368 vous

165 1396 210 1434 et
227 1393 288 1434 les
306 1398 450 1444 moris,
476 1395 500 1433 ὀ
520 1396 672 1434 auteur
690 1394 742 1434 de
763 1394 804 1433 18
822 1394 889 1433 vie
904 1393 925 1433 ?
945 1393 1052 1445 Qu’y
1071 1394 1185 1433 a-t-il
1211 1394 1263 1433 de
1283 1405 1479 1433 commun
1501 1397 1622 1434 entre
1641 1403 1747 1434 vous

167 1461 211 1500 et
228 1458 270 1498 18
289 1458 448 1509 tumbe,
470 1460 494 1498 ὀ
513 1459 751 1511 vainqueur
770 1459 822 1499 de
841 1458 882 1498 la
901 1459 1042 1498 mort?
1062 1459 1169 1511 Qu’y
1190 1459 1300 1498 a-t-il
1322 1458 1373 1498 de
1405 1469 1603 1498 commun
1623 1460 1749 1499 entre

165 1535 271 1564 vous
289 1526 332 1564 et
349 1523 410 1564 les
428 1524 671 1573 tombeaux,
693 1524 718 1563 o
737 1523 931 1564 habitant
950 1523 1005 1563 du
1038 1524 1116 1563 ciel
1130 1524 1150 1563 ’ἰ
1170 1522 1277 1576 Qu’y
1314 1522 1429 1563 a-t-il
1460 1523 1511 1563 de
1545 1533 1747 1564 commun
1783 1526 1786 1528 '

167 1591 288 1630 entre
306 1601 410 1630 vous
430 1593 471 1630 et
503 1589 544 1629 18
576 1592 800 1642 puanteur,
822 1590 848 1628 ὁ
878 1589 1048 1642 parsum
1080 1589 1138 1629 du
1170 1588 1372 1629 Paredis?
1404 1589 1511 1640 Qu'y
1542 1587 1663 1628 a-t-il
1692 1587 1746 1630 de

166 1666 366 1695 commun
386 1658 505 1695 entre
525 1655 681 1695 l'arche
707 1654 907 1695 brillante
926 1655 978 1695 de
998 1655 1038 1694 18
1069 1654 1242 1694 couleur
1273 1653 1364 1694 d'or
1395 1654 1446 1694 de
1480 1654 1521 1693 la
1551 1652 1747 1705 divinite,

166 1719 268 1761 18118
288 1732 389 1760 avec
408 1720 480 1760 des
498 1720 588 1760 bois
606 1720 944 1773 incorruptibles,
967 1723 1008 1760 et
1028 1719 1340 1760 l’incineration
1354 1722 1398 1759 et
1409 1719 1451 1759 18
1471 1716 1747 1771 corruption?

166 1786 422 1826 Levez-vous
441 1785 549 1826 donc
571 1786 780 1838 gloriemi,
802 1798 906 1826 vous
926 1788 967 1826 et
997 1785 1153 1826 l’arche
1182 1786 1235 1826 de
1266 1788 1386 1826 votre
1417 1784 1742 1825 sanctification.

166 1850 331 1892 Laissez
349 1850 516 1891 habiter
534 1851 594 1892 185
620 1851 830 1905 sepulcr-es
860 1864 945 1891 aux
975 1851 1168 1891 hommes
1200 1851 1274 1903 qui
1306 1853 1405 1891 sont
1435 1850 1691 1891 condemnes
1719 1848 1749 1890 ὲ

166 1919 280 1955 mort
298 1920 339 1955 et
357 1916 538 1957 esclaves
550 1917 602 1956 ‹iu
620 1917 764 1970 peche.
782 1916 1439 1956 118155821181111811851881118888
1452 1927 1539 1956 aux
1548 1915 1744 1963 demone,

170 2087 387 2134 agnoscitur
417 2088 605 2134 quomodo
641 2090 791 2126 tandem
829 2089 942 2126 homo

269 2134 276 2141 ι
981 2088 1066 2133 gisii
1088 2093 1279 2135 tamquam
1292 2099 1419 2124 arcam
1430 2092 1465 2124 81
1487 2086 1750 2125 habitaculum

172 2144 299 2172 omnis
329 2135 391 2171 1181
418 2135 688 2173 imbecillitatis
707 2137 940 2183 exemplum,

980 2137 1187 2172 divinitatis
1201 2141 1272 2172 tuoe
1292 2147 1357 2182 per
1370 2146 1453 2172 cam
1468 2134 1750 2173 sanctificatum

54 0 1058 51 “smmi-’⁹3⁴1’A*‘'mJ--JymW-izwgffq
1099 0 1132 28 τ’
1179 0 1189 12 ’
1224 0 1235 13 ¹
1288 0 1506 33 *vr-1²:¹42*
1555 0 1746 29 *st-›now'

84 71 86 74 ,
124 39 125 42 ¹
166 67 167 70 ,
192 51 198 54 “
290 51 291 54 ’
375 76 378 83 ,
412 38 425 61 ”
442 52 443 58 ’
462 28 699 93 ῚᾉὶηγιιιἉυΜᾸἮΙ
724 39 754 74 ’,ῗι
771 35 798 59 ‘t'
874 26 930 60 ⁴,st
954 18 970 52 ὲ
1036 48 1038 50 ’
1124 58 1125 64 1
1383 61 1385 65 .
1620 32 1681 82 [¹³³
1711 38 1729 53 ”
1819 29 1826 39 ⁸

171 2182 426 2229 corruptionis
446 2183 657 2230 speculum,
679 2185 810 2222 mortis
831 2195 940 2222 man-

171 2230 330 2276 cipium,
353 2232 532 2278 temporis
552 2232 732 2279 spolium,
745 2243 830 2268 esca
856 2243 942 2268 ver-

171 2278 309 2315 mium.
331 2278 374 2314 At
394 2279 440 2315 de
459 2279 607 2316 Christo
627 2281 810 2327 scriptum
836 2285 914 2316 erat
931 2290 941 2317 z

176 2338 193 2359 ι
215 2327 308 2363 Caro
336 2336 420 2363 11188
447 2328 656 2373 requiescet
683 2329 724 2365 in
755 2339 834 2374 spe.
858 2327 942 2365 Non

171 2373 414 2420 derelinques
432 2375 602 2412 88181881
623 2386 747 2412 meam
767 2376 807 2412 in
828 2375 943 2412 inrer-

171 2430 240 2468 no,
259 2431 330 2458 888
350 2421 456 2458 dabis
476 2427 651 2460 sanctum
671 2428 778 2460 tuum
817 2423 942 2459 videre

174 2469 471 2515 corruptionem.
497 2483 511 2503 ι
536 2470 624 2507 ideo
659 2475 757 2508 terra
787 2470 858 2507 hoc
878 2482 942 2507 sa-

174 2515 431 2554 cratissimum
450 2518 664 2564 depositum
684 2529 773 2556 mox
787 2518 943 2555 reddere

173 2565 304 2616 808818
341 2569 410 2611 851,
446 2575 530 2612 quaa
563 2576 649 2602 ossa
691 2570 727 2603 81
770 2566 942 2613 pulveres

175 2614 292 2646 etiam
321 2610 543 2650 Sanctorum
575 2613 616 2650 in
648 2624 688 2650 se
722 2614 866 2658 condit,
902 2613 943 2650 in

174 2656 253 2694 fine
272 2657 396 2711 solum
416 2661 544 2697 saeculi
563 2660 768 2698 reddenda.
791 2661 942 2708 Propte-

176 2715 240 2742 rea
259 2710 373 2742 811818
403 2715 470 2752 per
498 2707 724 2755 Prophetam
753 2709 942 2746 inclama-

175 2757 240 2790 tur
261 2763 270 2788 :
290 2765 309 2807 ξι
331 2754 494 2798 Exurge,
516 2755 688 2802 Domine,
711 2760 752 2793 tu
789 2761 825 2794 et
854 2767 944 2793 arca

178 2800 492 2837 sanctificationis
508 2805 596 2839 tuae.
620 2817 636 2837 ι
664 2803 779 2848 Quasi
812 2803 913 2841 dicat
933 2814 942 2840 :

177 2847 328 2895 Exurge
359 2849 400 2885 in
430 2848 600 2895 requiem
628 2850 832 2897 gloriosam
857 2861 946 2889 cum

179 2903 337 2942 corpore
375 2900 438 2933 tuo
469 2895 706 2943 glorificat03
741 2899 830 2945 quia
865 2909 948 2936 non

180 2944 373 2990 convenit,
394 2949 435 2981 ut
454 2943 548 2981 illud
568 2953 706 2992 corpus
735 2946 836 2992 quod
867 2946 949 2985 818-

1008 2184 1092 2220 18118
1112 2184 1327 2220 admirabili
1360 2188 1395 2219 ct
1425 2182 1752 2230 incomprehensi-

1007 2232 1049 2268 ili
1069 2232 1196 2276 modo,
1208 2233 1441 2268 incinerctur
1455 2231 1573 2267 instar
1586 2230 1751 2268 aliorum

980 2290 1197 2326 corporum,
1226 2284 1291 2317 aut
1321 2279 1604 2325 corruptionem
1635 2288 1749 2325 expo-

982 2329 1111 2364 riatur.
1135 2327 1229 2372 Quid
1264 2326 1330 2363 tibi
1363 2337 1451 2363 cum
1489 2325 1751 2372 sepulchro,o

983 2375 1051 2412 Fili
1075 2375 1140 2411 Dei
1162 2375 1234 2411 vivi
1249 2378 1264 2412 Ρ
1278 2375 1374 2418 Quid
1391 2374 1459 2410 tibi
1473 2384 1562 2411 cum
1576 2373 1749 2420 mortuis,

980 2434 1002 2459 o
1022 2424 1159 2459 Auctor
1189 2423 1304 2459 vitae?
1324 2422 1422 2466 Quid
1460 2421 1527 2458 tibi
1567 2431 1655 2458 cum
1694 2426 1752 2458 tu-

982 2471 1099 2513 muto,
1128 2481 1150 2507 o
1192 2470 1311 2507 victor
1350 2469 1508 2506 mortis?
1533 2469 1630 2513 Quid
1679 2468 1750 2506 tibi

981 2529 1068 2554 cum
1089 2518 1362 2563 monumentis,
1383 2528 1405 2554 o
1431 2517 1519 2554 coeli
1540 2516 1751 2554 habitator?

981 2566 1078 2610 Quid
1117 2565 1184 2601 tibi
1222 2575 1310 2602 cum
1349 2566 1494 2608 stetere,
1523 2575 1546 2602 0
1584 2564 1752 2601 Paradisi

981 2614 1097 2650 odor?
1129 2613 1225 2657 Quid
1263 2623 1362 2650 arcae
1397 2623 1512 2649 aureo
1543 2610 1753 2648 divinitatis

982 2662 1108 2698 colore
1128 2660 1296 2707 fulgidae,
1318 2665 1354 2697 81
1373 2671 1419 2696 ex
1451 2659 1753 2707 imputribilibus

983 2709 1097 2755 lignis
1117 2707 1328 2745 fabrefactae
1353 2718 1442 2744 eum
1474 2706 1753 2744 incineratioue

983 2762 1019 2792 et
1035 2755 1308 2802 corruptione?
1335 2756 1437 2792 Exur
1455 2765 1484 2799 ,8
1503 2765 1591 2802 ergo
1615 2754 1754 2801 glorio-

984 2814 1062 2848 sus,
1082 2808 1123 2840 tu
1143 2807 1180 2840 et
1195 2813 1281 2840 arca
1312 2803 1434 2840 saneti
1450 2803 1626 2840 icationis
1661 2806 1750 2837 tuae.

986 2851 1162 2888 Permitte
1196 2850 1370 2887 homines
1412 2851 1545 2887 mortis
1588 2858 1672 2885 reos
1715 2849 1755 2885 et

984 2899 1130 2945 peceati
1160 2908 1287 2935 servos
1323 2897 1492 2935 habitare
1535 2893 1754 2949 sepulclira.

986 2946 1162 2984 Permitte
1180 2946 1377 2984 doemones
1396 2952 1626 2984 commorari
1652 2949 1759 2983 011·oe
