1826 3164
87 171 167 212 686
508 178 560 209 1.ss
586 176 790 209 uriom.
816 177 890 206 nes
920 166 1234 206 Paemani-mus.

87 270 234 299 source
253 258 305 298 de
325 257 503 298 seintete
523 255 597 309 qui
621 256 710 296 doit
740 254 1095 296 necesseirement
1125 265 1291 294 3110531
1315 255 1412 293 1035
1443 264 1551 294 ceux
1580 253 1656 307 qui

87 324 274 376 aspirent
292 325 318 363 3
337 323 380 363 13
398 322 587 363 53131313.
611 314 986 370 Sembleblement,
1007 320 1068 360 les
1099 320 1312 360 Eeritures
1344 330 1454 359 nous
1485 319 1658 372 presen-

86 391 188 438 tent,
216 388 404 429 «531135
422 388 534 428 deux
563 388 731 439 rivages
762 387 819 426 du
850 386 1002 437 fleuve,
1022 397 1083 425 un
1109 385 1231 425 arbre
1263 384 1337 437 qui
1368 386 1489 437 porte
1522 384 1656 426 douze

87 455 212 494 fruits
243 457 285 494 31
314 454 456 493 donne
488 465 564 492 son
596 452 702 492 fruit
733 451 896 503 chaque
930 451 1052 491 mois.
1072 449 1220 503 (Apoc.
1241 461 1346 497 xxn,
1370 449 1431 503 2.)
1448 463 1468 488 1)
1493 451 1600 492 Sous
1618 450 1658 492 le

87 531 188 559 nom
206 519 385 569 d'arbre‚
407 518 622 559 l'ecrivain
642 519 757 558 sacre
778 517 935 557 entend
954 516 1163 568 plusieurs
1189 515 1333 555 arbres
1364 515 1416 554 de
1449 515 1532 566 vie,
1555 528 1654 569 pro-

86 586 256 625 (1315331
274 585 345 624 (135
363 583 488 623 fruits
507 583 558 622 de
578 583 658 632 vie,
682 585 844 622 3110535
862 594 938 633 par
957 581 1016 620 les
1035 593 1145 620 eaux
1165 580 1221 619 du
1241 580 1391 628 fleuve,
1407 583 1449 620 et
1468 583 1661 632 pouvant

89 650 285 702 designer
304 650 363 689 les
382 648 487 698 3135,
514 651 605 688 1331
625 648 728 688 (1335
748 651 855 688 33113
873 648 939 686 vie
960 658 1041 699 que
1061 646 1162 685 (13115
1180 645 1345 685 1’33113.
1369 647 1430 685 En
1458 650 1567 686 cette
1587 647 1659 688 vie

89 716 411 765 effectivement,
433 714 482 754 ils
503 717 668 754 senten
689 713 791 765 dee-{1
821 713 878 752 du
911 713 1058 764 rivage
1090 714 1133 751 31
1163 710 1409 763 produisent
1438 710 1499 751 les
1529 711 1660 752 douze

87 782 213 822 fruits
232 781 289 820 du
309 779 606 832 Saint-Esprit‚
628 780 851 819 enumeres
870 790 947 830 par
979 776 1168 829 l'Apotre
1191 789 1200 815 ε
1229 791 1249 814 ε(
1269 778 1340 826 Or,
1363 775 1423 815 les
1455 776 1577 816 fruits
1602 777 1655 818 de

86 847 246 899 l’esprit
264 849 361 886 sont
379 845 614 894 1331131113,
636 845 678 884 13
702 844 804 895 joie,
828 844 867 883 13
901 843 1015 895 paix,
1038 843 1080 882 13
1110 842 1318 894 patience,
1343 842 1383 881 13
1416 841 1652 894 benignite,

87 912 130 952 13
148 913 292 962 bonte,
315 911 355 951 13
373 910 671 963 longanimite,
692 908 733 949 13
753 909 953 958 doueeur,
977 908 1019 947 13
1040 907 1114 956 foi,
1137 908 1178 947 13
1199 906 1417 956 130335113,
1440 906 1481 946 13
1502 909 1659 959 tempe-

1 981 228 1042 {ssrancffi
252 978 294 1017 13
314 976 489 1016 charite.
512 975 620 1028 (Gal.
643 986 683 1024 v,
706 977 756 1014 22
778 978 820 1014 31
838 973 922 1027 23.)
946 988 964 1012 »
990 975 1103 1013 Dans
1124 972 1274 1012 l'autre
1294 972 1374 1020 vie,
1397 972 1448 1011 ils
1467 979 1561 1011 sont
1580 985 1658 1012 33-

85 1043 180 1083 delia
201 1043 254 1083 du
278 1045 440 1093 rivage‚
463 1044 504 1081 et
523 1041 574 1080 ils
594 1040 839 1092 produiseut
858 1039 918 1079 les
934 1039 1058 1078 fruits
1077 1038 1361 1090 tres-parfaits
1382 1040 1424 1077 et
1442 1038 1659 1078 tres-murs

86 1108 137 1148 de
159 1109 200 1147 13
222 1107 354 1159 gloire
376 1111 417 1145 et
437 1107 487 1146 de
507 1105 549 1145 13
568 1106 703 1145 vision
725 1105 879 1155 divine,
901 1103 1081 1157 lesquels
1100 1106 1196 1143 sont
1214 1103 1324 1143 aussi
1344 1115 1397 1142 au
1417 1102 1594 1143 nombre
1608 1103 1659 1144 de

82 1174 229 1224 douze,
249 1184 373 1225 parce
392 1184 473 1225 que
492 1171 531 1211 le
551 1171 727 1211 nombre
748 1171 879 1211 douze
893 1170 1006 1210 35113
1020 1169 1198 1209 nombre
1211 1168 1382 1221 parfait.

137 1240 179 1279 3⁰
200 1238 253 1278 115
272 1238 458 1277 (10311331
477 1237 569 1276 leur
588 1236 703 1276 fruit.
728 1258 780 1265 —
798 1238 855 1276 Le
884 1235 1040 1288 figuier
1060 1235 1229 1286 produit
1249 1234 1289 1273 13
1306 1233 1438 1285 figue,
1460 1233 1500 1273 la
1526 1234 1658 1286 vigne

82 1304 255 1357 produit
274 1304 311 1343 13
331 1303 475 1352 131513,
500 1302 538 1342 13
558 1301 715 1354 poirier
748 1302 790 1340 13
820 1301 964 1352 poire3
989 1300 1092 1340 ainsi
1123 1300 1285 1352 chaque
1313 1300 1442 1351 juste,
1465 1299 1581 1339 selon
1611 1311 1658 1340 53

83 1370 277 1410 voeation
300 1373 340 1408 et
359 1368 475 1408 l'etat
496 1367 600 1420 qu'il
624 1380 650 1407 3
671 1367 776 1407 (1335
808 1366 982 1419 l'Eglise
1008 1366 1059 1406 de
1090 1366 1209 1414 Dieu‚
1233 1365 1323 1405 doit
1353 1365 1552 1418 produire
1583 1377 1657 1405 son

82 1435 186 1475 fruit
209 1448 218 1474 z
241 1434 349 1474 celui
370 1433 442 1486 qui
462 1437 525 1473 est
544 1432 676 1472 marie
696 1433 814 1473 selon
845 1431 962 1472 l’etat
993 1435 1036 1471 et
1066 1431 1108 1470 13
1138 1431 1332 1470 vocation
1365 1430 1417 1470 de
1448 1431 1654 1483 mariage,

80 1499 421 1551 l’ecclesiastique
432 1498 548 1538 selon
568 1499 608 1538 la
626 1498 820 1537 vocation
838 1498 894 1537 du
914 1497 1055 1549 clerge
1071 1500 1112 1536 31
1132 1496 1187 1536 du
1208 1496 1374 1545 33111131,
1387 1496 1425 1536 13
1446 1496 1657 1548 religieux

81 1565 196 1607 selon
216 1566 256 1605 la
275 1564 469 1605 vocation
490 1564 542 1605 de
562 1576 637 1603 503
658 1563 795 1612 ordre,
833 1562 873 1602 13
894 1574 1028 1603 veuve
1060 1562 1177 1601 selon
1208 1561 1326 1601 1’3131
1357 1561 1413 1601 (13
1446 1573 1652 1615 veuvage,

80 1631 124 1672 13
153 1632 300 1683 vierge
332 1630 447 1670 selon
481 1628 598 1669 l'etat
627 1629 678 1669 de
710 1628 928 1680 virginite.
950 1629 1010 1668 De
1042 1628 1180 1668 meme
1211 1639 1264 1667 en
1287 1627 1385 1667 effet
1404 1639 1485 1680 que
1505 1626 1612 1667 Dieu
1630 1638 1657 1668 a

79 1697 209 1738 voulu
230 1699 272 1736 et
292 1695 479 1736 ordonne
499 1694 569 1734 des
591 1695 629 1734 13
649 1696 1012 1734 eommeneement
1029 1705 1112 1745 que
1140 1693 1303 1745 chaque
1336 1691 1459 1732 arbre
1490 1692 1594 1732 (1335
1614 1691 1655 1732 13

77 1761 253 1803 Paradis
271 1760 479 1814 produisit
497 1760 550 1800 du
574 1759 692 1809 fruit,
713 1759 876 1799 chacun
896 1759 1012 1799 selon
1039 1770 1117 1798 503
1146 1759 1290 1810 espece
1311 1756 1482 1810 (Genese.
1504 1768 1533 1807 1,
1557 1757 1622 1811 12)
1642 1769 1653 1807 ;

79 1828 132 1870 de
149 1827 287 1868 meme
304 1826 336 1866 il
353 1828 453 1866 veut
472 1827 514 1865 et
533 1824 564 1864 il
582 1824 729 1864 attend
749 1835 831 1876 que
850 1823 911 1864 les
938 1823 1083 1863 arbres
1117 1822 1284 1875 plantes
1310 1823 1415 1862 (1335
1445 1822 1485 1863 13
1512 1821 1656 1875 Jerdin

886 2036 921 2067 ct
965 2030 1155 2068 fruitionis
1197 2030 1358 2076 divinae,
1415 2030 1480 2078 qui
1540 2031 1655 2069 etiam

885 2080 1085 2116 duodecim
1135 2079 1327 2123 dicuntur,
1371 2080 1459 2124 quia
1515 2089 1654 2116 nume-

886 2137 948 2163 rus
968 2126 1214 2164 duodecimus
1235 2126 1475 2172 perrecuonis
1500 2131 1557 2163 est
1575 2136 1651 2164 nu·-

80 2034 150 2072 Hic
170 2038 226 2072 est
263 2033 367 2071 enim
406 2033 491 2070 sons
523 2032 747 2076 sanctitatis,
773 2042 846 2079 quo

79 2082 226 2130 aspergi
246 2091 400 2118 11333553
419 2085 475 2117 est
493 2090 626 2117 omnes
645 2080 691 2116 ad
711 2080 846 2116 sancti-

79 2130 250 2168 moniam
269 2129 517 2175 adspirantes.
552 2127 731 2164 Similiter
758 2128 845 2164 des-

80 2177 238 2216 cribitur
277 2177 423 2224 lignum
462 2186 508 2212 ex
550 2180 706 2221 utraque
742 2179 846 2221 parte

83 2239 97 2259 u
134 2224 304 2262 fluminis
333 2223 495 2260 asserens
525 2222 669 2260 fructus
700 2223 845 2259 duode-

78 2273 170 2318 cim,
192 2282 258 2320 per
297 2281 446 2309 menses
484 2270 653 2317 singulos
687 2270 846 2307 reddens

79 2320 245 2358 fructum
266 2330 391 2357 suurn.
428 2333 442 2351 »
486 2318 553 2356 Ubi
587 2317 656 2355 sub
689 2318 846 2354 nomine

79 2368 174 2415 ligni
199 2367 377 2414 intelligit
394 2366 520 2413 plures
534 2365 686 2402 arbores
699 2365 844 2410 vitales,

886 2185 1025 2211 merus.

931 2222 1069 2259 Tertio.
1103 2221 1279 2258 Producit
1318 2221 1484 2257 fructum
1521 2230 1648 2258 suum.

884 2270 987 2307 Sicut
1024 2269 1127 2306 enim
1168 2269 1331 2305 liculnea
1369 2268 1497 2314 licum,
1542 2268 1654 2305 vinea

885 2328 1010 2362 uvam,
1041 2317 1145 2364 prius
1182 2316 1278 2362 pira,
1300 2315 1491 2362 producit3
1523 2315 1579 2352 sic
1616 2319 1653 2352 et

880 2366 971 2411 justi
1002 2364 1159 2411 quilibet
1193 2363 1300 2409 juxta
1343 2362 1579 2400 vocationem
1616 2366 1653 2401 31

78 2416 183 2453 vivos
205 2416 348 2452 fructus
362 2414 626 2461 producentes,
643 2413 806 2459 irrigatae
824 2425 846 2449 3
884 2416 1021 2449 statum
1042 2422 1150 2458 quem
1167 2411 1206 2447 in
1220 2409 1384 2447 Ecclesia
1409 2410 1472 2447 Dei
1487 2411 1650 2448 sortiun-

79 2462 251 2508 ssuminc‚
274 2467 310 2499 et
330 2466 488 2509 possunt
509 2461 697 2506 designari
718 2460 843 2503 electi,

78 2514 155 2548 tem
177 2509 215 2547 in
239 2510 308 2546 1133
330 2509 417 2554 vita,
438 2519 549 2555 quam
584 2509 623 2546 in
648 2508 778 2544 altera.
803 2509 844 2544 13

885 2466 956 2506 tur,
978 2459 1118 2496 debent
1137 2459 1298 2495 fructum
1322 2457 1543 2504 producere,
1559 2467 1652 2496 con·

880 2508 1031 2561 jugetus
1056 2506 1163 2553 Juxta
1183 2510 1320 2542 statum
1351 2510 1387 2542 et
1415 2506 1652 2543 vocationem

79 2557 152 2596 hac
171 2557 323 2605 quidem
347 2557 526 2593 vitasunt
547 2557 638 2593 cilrn
660 2556 793 2603 ripum,
810 2559 846 2591 et
883 2554 1064 2600 conjugii,
1090 2553 1374 2590 Ecclesiasticus
1399 2553 1507 2598 juxta
1538 2563 1651 2591 voca-

79 2605 292 2653 producunt
304 2604 504 2642 duodecim
519 2604 660 2641 [ructus
671 2603 842 2662 Spiritus,

885 2602 1024 2639 tionem
1069 2601 1159 2638 cleri
1182 2606 1217 2637 et
1248 2600 1460 2645 3331113135,
1482 2600 1650 2647 Religio-

80 2663 175 2701 quos
194 2655 389 2690 enumerat
407 2652 604 2697 Apostolus
627 2661 668 2688 :u
690 2651 845 2687 brucins
883 2660 947 2686 535
974 2648 1081 2695 juxta
1111 2648 1344 2686 vocationem
1385 2648 1530 2685 ordinis
1574 2647 1649 2694 sui,

79 2704 204 2738 autem
242 2699 402 2747 Spiritus
435 2704 533 2741 sunt.
557 2698 734 2743 chorium,
757 2708 842 2745 pax,

80 2748 275 2795 gaudium.
297 2746 489 2794 patientia,
527 2744 752 2790 benignitas,
775 2745 843 2782 bo-

79 2795 194 2840 nitas,
241 2793 521 2841 longanimitas,
580 2793 842 2840 mansuetudo,

79 2842 189 2886 udos,
221 2841 417 2886 modestia,
445 2840 694 2885 continentia,
728 2840 843 2878 casti-

80 2894 150 2927 tas.
179 2906 191 2922 -
219 2890 260 2927 ln
281 2889 398 2926 311313
430 2888 502 2925 vita
533 2892 622 2924 sunt
655 2888 751 2924 ultra
791 2888 844 2924 ri-

80 2942 239 2985 pum,ct
273 2937 486 2984 producunt
515 2935 657 2973 fructus
697 2935 842 2981 persco-

80 2984 245 3023 tiuimos
264 2984 500 3032 omninoque
518 2987 685 3021 maturos
714 2982 844 3030 gloriae

885 2697 1001 2735 vidua
1025 2696 1132 2742 juxta
1153 2701 1289 2733 statum
1311 2695 1513 2742 viduitatis,
1538 2695 1650 2742 virgo

879 2745 983 2791 juxta
1005 2749 1140 2781 statum
1170 2743 1405 2788 virginitatis.
1427 2742 1530 2780 Sicut
1545 2743 1650 2781 enim

887 2793 980 2828 Deus
1001 2791 1039 2828 in
1069 2792 1243 2828 Paradiso
1266 2790 1380 2827 voluit
1401 2793 1438 2827 31
1461 2790 1573 2836 jussit
1597 2789 1647 2828 ab

884 2839 991 2876 initio
1037 2843 1076 2876 ut
1109 2848 1345 2885 unaquaeque
1388 2837 1499 2875 arbor
1535 2837 1650 2876 ferret

883 2887 1045 2924 fructum
1080 2886 1188 2933 juxta
1224 2896 1345 2930 genus
1375 2895 1486 2923 suum
1509 2901 1518 2928 ς
1545 2884 1648 2923 idem

883 2934 960 2971 vult
979 2939 1015 2971 et
1034 2934 1080 2971 (13
1098 2933 1295 2970 arboribus
1315 2932 1472 2970 consitis
1502 2932 1543 2970 in
1572 2932 1648 2970 Ec-

881 2982 1007 3020 clesiae
1026 2992 1103 3019 sum
1124 2981 1246 3027 horto,
1265 2990 1358 3027 quae
1376 2990 1465 3018 oum
1484 2978 1648 3019 voluerit
