<?xml version="1.0" encoding="UTF-8"?>
<!DOCTYPE html PUBLIC "-//W3C//DTD XHTML 1.0 Transitional//EN"
    "http://www.w3.org/TR/xhtml1/DTD/xhtml1-transitional.dtd">
<html xmlns="http://www.w3.org/1999/xhtml" xml:lang="en" lang="en">
 <head>
  <title>
</title>
<meta http-equiv="Content-Type" content="text/html;charset=utf-8" />
  <meta name='ocr-system' content='tesseract 3.04.00' />
  <meta name='ocr-capabilities' content='ocr_page ocr_carea ocr_par ocr_line ocrx_word'/>
</head>
<body>
  <div class='ocr_page' id='page_1' title='image "./lerationaldespr03marc_0618.png"; bbox 0 0 1826 3164; ppageno 0'>
   <div class='ocr_carea' id='block_1_1' title="bbox 1705 0 1826 175">
    <p class='ocr_par' dir='ltr' id='par_1_1' title="bbox 1705 0 1826 175">
     <span class='ocr_line' id='line_1_1' title="bbox 1705 0 1826 175; baseline 0 2989"><span class='ocrx_word' id='word_1_1' title='bbox 1705 0 1826 175; x_wconf 95' lang='lat' dir='ltr'> </span> 
     </span>
    </p>
   </div>
   <div class='ocr_carea' id='block_1_2' title="bbox 148 137 1303 178">
    <p class='ocr_par' dir='ltr' id='par_1_2' title="bbox 148 137 1303 178">
     <span class='ocr_line' id='line_1_2' title="bbox 148 137 1303 178; baseline -0.001 0"><span class='ocrx_word' id='word_1_2' title='bbox 148 137 231 178; x_wconf 74' lang='lat'>608</span> <span class='ocrx_word' id='word_1_3' title='bbox 571 145 619 175; x_wconf 69' lang='lat' dir='ltr'>Le</span> <span class='ocrx_word' id='word_1_4' title='bbox 647 143 852 176; x_wconf 71' lang='lat' dir='ltr'>mnomu.</span> <span class='ocrx_word' id='word_1_5' title='bbox 880 145 956 177; x_wconf 69' lang='lat' dir='ltr'>nes</span> <span class='ocrx_word' id='word_1_6' title='bbox 984 137 1303 177; x_wconf 64' lang='lat' dir='ltr'>rnnnmxrnuns.</span> 
     </span>
    </p>
   </div>
   <div class='ocr_carea' id='block_1_3' title="bbox 143 216 1826 1716">
    <p class='ocr_par' dir='ltr' id='par_1_3' title="bbox 143 216 1826 1716">
     <span class='ocr_line' id='line_1_3' title="bbox 201 216 1826 301; baseline 0.002 -35"><span class='ocrx_word' id='word_1_7' title='bbox 201 228 247 266; x_wconf 81' lang='lat'>2⁰</span> <span class='ocrx_word' id='word_1_8' title='bbox 267 225 388 266; x_wconf 77' lang='lat' dir='ltr'>Saint</span> <span class='ocrx_word' id='word_1_9' title='bbox 405 225 509 267; x_wconf 78' lang='lat' dir='ltr'>Jean</span> <span class='ocrx_word' id='word_1_10' title='bbox 526 224 822 277; x_wconf 79' lang='lat' dir='ltr'>chrysostome</span> <span class='ocrx_word' id='word_1_11' title='bbox 840 235 971 277; x_wconf 85' lang='lat' dir='ltr'>pense</span> <span class='ocrx_word' id='word_1_12' title='bbox 985 222 1127 278; x_wconf 61' lang='lat' dir='ltr'>quelce</span> <span class='ocrx_word' id='word_1_13' title='bbox 1135 227 1226 266; x_wconf 88' lang='lat' dir='ltr'>mot</span> <span class='ocrx_word' id='word_1_14' title='bbox 1239 223 1410 278; x_wconf 84' lang='lat' dir='ltr'>signifie</span> <span class='ocrx_word' id='word_1_15' title='bbox 1424 226 1493 277; x_wconf 77' lang='lat' dir='ltr'>toi,</span> <span class='ocrx_word' id='word_1_16' title='bbox 1509 218 1730 293; x_wconf 50' lang='lat' dir='ltr'>prononedJ</span> <span class='ocrx_word' id='word_1_17' title='bbox 1733 231 1744 252; x_wconf 70' lang='lat'>1&#39;</span> <span class='ocrx_word' id='word_1_18' title='bbox 1773 216 1826 301; x_wconf 53' lang='lat'>:2²3</span> 
     </span>
     <span class='ocr_line' id='line_1_4' title="bbox 149 289 1826 356; baseline 0.002 -25"><span class='ocrx_word' id='word_1_19' title='bbox 149 303 250 332; x_wconf 82' lang='lat' dir='ltr'>avec</span> <span class='ocrx_word' id='word_1_20' title='bbox 267 291 438 343; x_wconf 84' lang='lat' dir='ltr'>mepris‚</span> <span class='ocrx_word' id='word_1_21' title='bbox 459 303 512 331; x_wconf 89' lang='lat' dir='ltr'>en</span> <span class='ocrx_word' id='word_1_22' title='bbox 532 295 642 330; x_wconf 84' lang='lat' dir='ltr'>sorte</span> <span class='ocrx_word' id='word_1_23' title='bbox 662 289 790 342; x_wconf 85' lang='lat' dir='ltr'>qu&#39;on</span> <span class='ocrx_word' id='word_1_24' title='bbox 810 289 938 330; x_wconf 82' lang='lat' dir='ltr'>serait</span> <span class='ocrx_word' id='word_1_25' title='bbox 957 289 1129 330; x_wconf 83' lang='lat' dir='ltr'>exhorte</span> <span class='ocrx_word' id='word_1_26' title='bbox 1161 291 1187 330; x_wconf 72' lang='grc' dir='ltr'>ὸ,</span> <span class='ocrx_word' id='word_1_27' title='bbox 1218 301 1272 331; x_wconf 87' lang='lat' dir='ltr'>ne</span> <span class='ocrx_word' id='word_1_28' title='bbox 1302 302 1379 343; x_wconf 79' lang='lat' dir='ltr'>pas</span> <span class='ocrx_word' id='word_1_29' title='bbox 1409 293 1597 345; x_wconf 84' lang='lat' dir='ltr'>tutoyer,</span> <span class='ocrx_word' id='word_1_30' title='bbox 1618 293 1729 338; x_wconf 63' lang='lat' dir='ltr'>dane</span> <span class='ocrx_word' id='word_1_31' title='bbox 1789 290 1826 356; x_wconf 51' lang='grc' dir='ltr'>’ᾗ</span> 
     </span>
     <span class='ocr_line' id='line_1_5' title="bbox 148 354 1826 425; baseline 0.002 -28"><span class='ocrx_word' id='word_1_32' title='bbox 148 358 404 408; x_wconf 79' lang='lat' dir='ltr'>uuepensee</span> <span class='ocrx_word' id='word_1_33' title='bbox 423 356 475 395; x_wconf 92' lang='lat' dir='ltr'>de</span> <span class='ocrx_word' id='word_1_34' title='bbox 494 355 665 407; x_wconf 72' lang='lat' dir='ltr'>mepris.</span> <span class='ocrx_word' id='word_1_35' title='bbox 682 354 802 396; x_wconf 87' lang='lat' dir='ltr'>Voici</span> <span class='ocrx_word' id='word_1_36' title='bbox 819 354 880 395; x_wconf 87' lang='lat' dir='ltr'>les</span> <span class='ocrx_word' id='word_1_37' title='bbox 897 355 1063 407; x_wconf 82' lang='lat' dir='ltr'>paroles</span> <span class='ocrx_word' id='word_1_38' title='bbox 1082 355 1139 395; x_wconf 88' lang='lat' dir='ltr'>du</span> <span class='ocrx_word' id='word_1_39' title='bbox 1158 355 1270 396; x_wconf 80' lang='lat' dir='ltr'><strong>saint</strong></span> <span class='ocrx_word' id='word_1_40' title='bbox 1288 355 1463 397; x_wconf 85' lang='lat' dir='ltr'>docteur</span> <span class='ocrx_word' id='word_1_41' title='bbox 1485 367 1496 397; x_wconf 72' lang='grc' dir='ltr'>ι</span> <span class='ocrx_word' id='word_1_42' title='bbox 1521 373 1542 395; x_wconf 90' lang='grc'>«</span> <span class='ocrx_word' id='word_1_43' title='bbox 1563 359 1620 399; x_wconf 85' lang='lat' dir='ltr'>Ge</span> <span class='ocrx_word' id='word_1_44' title='bbox 1634 362 1734 400; x_wconf 61' lang='lat' dir='ltr'>mot&gt;</span> <span class='ocrx_word' id='word_1_45' title='bbox 1807 398 1826 425; x_wconf 47' lang='grc'><strong>1</strong></span> 
     </span>
     <span class='ocr_line' id='line_1_6' title="bbox 149 419 1811 480; baseline 0.002 -18"><span class='ocrx_word' id='word_1_46' title='bbox 149 421 203 462; x_wconf 81' lang='lat' dir='ltr'>de</span> <span class='ocrx_word' id='word_1_47' title='bbox 221 420 333 462; x_wconf 67' lang='lat' dir='ltr'>Rana</span> <span class='ocrx_word' id='word_1_48' title='bbox 353 421 458 461; x_wconf 90' lang='lat' dir='ltr'>n&#39;est</span> <span class='ocrx_word' id='word_1_49' title='bbox 479 432 554 473; x_wconf 86' lang='lat' dir='ltr'>pas</span> <span class='ocrx_word' id='word_1_50' title='bbox 585 431 670 460; x_wconf 90' lang='lat' dir='ltr'>une</span> <span class='ocrx_word' id='word_1_51' title='bbox 703 431 845 472; x_wconf 82' lang='lat' dir='ltr'>grosse</span> <span class='ocrx_word' id='word_1_52' title='bbox 875 419 1031 472; x_wconf 78' lang='lat' dir='ltr'><strong>injure,</strong></span> <span class='ocrx_word' id='word_1_53' title='bbox 1054 420 1162 460; x_wconf 87' lang='lat' dir='ltr'>mais</span> <span class='ocrx_word' id='word_1_54' title='bbox 1193 421 1429 462; x_wconf 83' lang='lat' dir='ltr'>seulement</span> <span class='ocrx_word' id='word_1_55' title='bbox 1460 435 1521 463; x_wconf 90' lang='lat' dir='ltr'>un</span> <span class='ocrx_word' id='word_1_56' title='bbox 1553 427 1642 464; x_wconf 86' lang='lat' dir='ltr'>mot</span> <span class='ocrx_word' id='word_1_57' title='bbox 1670 424 1742 465; x_wconf 63' lang='lat' dir='ltr'>de?</span> <span class='ocrx_word' id='word_1_58' title='bbox 1781 445 1811 480; x_wconf 53' lang='lat'>,-</span> 
     </span>
     <span class='ocr_line' id='line_1_7' title="bbox 148 426 1826 589; baseline 0.002 -63"><span class='ocrx_word' id='word_1_59' title='bbox 148 487 307 539; x_wconf 78' lang='lat' dir='ltr'>mepris</span> <span class='ocrx_word' id='word_1_60' title='bbox 326 490 368 526; x_wconf 91' lang='lat' dir='ltr'>et</span> <span class='ocrx_word' id='word_1_61' title='bbox 395 485 705 538; x_wconf 83' lang='lat' dir='ltr'>d&#39;impatience,</span> <span class='ocrx_word' id='word_1_62' title='bbox 726 496 889 525; x_wconf 91' lang='lat' dir='ltr'>comme</span> <span class='ocrx_word' id='word_1_63' title='bbox 921 485 1061 537; x_wconf 79' lang='lat' dir='ltr'>quand</span> <span class='ocrx_word' id='word_1_64' title='bbox 1092 498 1200 526; x_wconf 90' lang='lat' dir='ltr'>nous</span> <span class='ocrx_word' id='word_1_65' title='bbox 1230 485 1369 527; x_wconf 90' lang='lat' dir='ltr'>disons</span> <span class='ocrx_word' id='word_1_66' title='bbox 1401 487 1667 541; x_wconf 85' lang='lat' dir='ltr'>quelquefois</span> <span class='ocrx_word' id='word_1_67' title='bbox 1696 491 1745 530; x_wconf 62' lang='lat'>&amp;¹</span> <span class='ocrx_word' id='word_1_68' title='bbox 1779 426 1826 589; x_wconf 28' lang='grc' dir='ltr'>ἐξ</span> 
     </span>
     <span class='ocr_line' id='line_1_8' title="bbox 147 550 1809 607; baseline 0.003 -16"><span class='ocrx_word' id='word_1_69' title='bbox 147 559 207 591; x_wconf 88' lang='lat' dir='ltr'>un</span> <span class='ocrx_word' id='word_1_70' title='bbox 227 551 433 592; x_wconf 82' lang='lat' dir='ltr'>servitem·</span> <span class='ocrx_word' id='word_1_71' title='bbox 465 563 519 590; x_wconf 93' lang='lat' dir='ltr'>ou</span> <span class='ocrx_word' id='word_1_72' title='bbox 551 552 578 590; x_wconf 70' lang='grc' dir='ltr'>ὲ</span> <span class='ocrx_word' id='word_1_73' title='bbox 609 563 668 590; x_wconf 92' lang='lat' dir='ltr'>un</span> <span class='ocrx_word' id='word_1_74' title='bbox 698 550 825 599; x_wconf 83' lang='lat' dir='ltr'>valet,</span> <span class='ocrx_word' id='word_1_75' title='bbox 847 551 873 589; x_wconf 72' lang='grc' dir='ltr'>ὲ</span> <span class='ocrx_word' id='word_1_76' title='bbox 901 550 974 602; x_wconf 89' lang='lat' dir='ltr'>qui</span> <span class='ocrx_word' id='word_1_77' title='bbox 1005 562 1113 590; x_wconf 88' lang='lat' dir='ltr'>nous</span> <span class='ocrx_word' id='word_1_78' title='bbox 1145 551 1339 592; x_wconf 90' lang='lat' dir='ltr'>donnons</span> <span class='ocrx_word' id='word_1_79' title='bbox 1371 564 1431 592; x_wconf 91' lang='lat' dir='ltr'>un</span> <span class='ocrx_word' id='word_1_80' title='bbox 1450 553 1574 594; x_wconf 85' lang='lat' dir='ltr'>ordre</span> <span class='ocrx_word' id='word_1_81' title='bbox 1605 565 1616 593; x_wconf 89' lang='lat'>:</span> <span class='ocrx_word' id='word_1_82' title='bbox 1643 555 1722 607; x_wconf 75' lang='lat' dir='ltr'>Va,</span> <span class='ocrx_word' id='word_1_83' title='bbox 1792 552 1809 563; x_wconf 72' lang='grc'><strong>”</strong></span> 
     </span>
     <span class='ocr_line' id='line_1_9' title="bbox 146 596 1826 708; baseline 0.001 -52"><span class='ocrx_word' id='word_1_84' title='bbox 146 616 223 656; x_wconf 84' lang='lat' dir='ltr'>toi.</span> <span class='ocrx_word' id='word_1_85' title='bbox 256 630 276 654; x_wconf 85' lang='lat'>»</span> <span class='ocrx_word' id='word_1_86' title='bbox 312 619 370 657; x_wconf 87' lang='lat' dir='ltr'>Le</span> <span class='ocrx_word' id='word_1_87' title='bbox 401 616 624 656; x_wconf 85' lang='lat' dir='ltr'>sentiment</span> <span class='ocrx_word' id='word_1_88' title='bbox 655 615 706 656; x_wconf 85' lang='lat' dir='ltr'>de</span> <span class='ocrx_word' id='word_1_89' title='bbox 739 617 851 655; x_wconf 82' lang='lat' dir='ltr'>saint</span> <span class='ocrx_word' id='word_1_90' title='bbox 881 616 987 655; x_wconf 82' lang='lat' dir='ltr'>Jean</span> <span class='ocrx_word' id='word_1_91' title='bbox 1020 615 1317 667; x_wconf 67' lang='lat' dir='ltr'>ChrysostOme</span> <span class='ocrx_word' id='word_1_92' title='bbox 1348 629 1374 657; x_wconf 80' lang='lat' dir='ltr'><strong>a</strong></span> <span class='ocrx_word' id='word_1_93' title='bbox 1406 621 1471 658; x_wconf 76' lang='lat' dir='ltr'>ete</span> <span class='ocrx_word' id='word_1_94' title='bbox 1506 619 1614 659; x_wconf 87' lang='lat' dir='ltr'>suivi</span> <span class='ocrx_word' id='word_1_95' title='bbox 1644 618 1746 672; x_wconf 76' lang='lat' dir='ltr'>par&#39;</span> <span class='ocrx_word' id='word_1_96' title='bbox 1787 596 1826 708; x_wconf 46' lang='grc' dir='ltr'>ἦ</span> 
     </span>
     <span class='ocr_line' id='line_1_10' title="bbox 147 680 1826 753; baseline 0.002 -32"><span class='ocrx_word' id='word_1_97' title='bbox 147 681 460 734; x_wconf 78' lang='lat' dir='ltr'>Theophylacte</span> <span class='ocrx_word' id='word_1_98' title='bbox 481 687 522 722; x_wconf 87' lang='lat' dir='ltr'>et</span> <span class='ocrx_word' id='word_1_99' title='bbox 540 693 617 734; x_wconf 81' lang='lat' dir='ltr'>par</span> <span class='ocrx_word' id='word_1_100' title='bbox 636 681 863 733; x_wconf 78' lang='lat' dir='ltr'>Euthyme‚</span> <span class='ocrx_word' id='word_1_101' title='bbox 888 680 962 732; x_wconf 86' lang='lat' dir='ltr'>qui</span> <span class='ocrx_word' id='word_1_102' title='bbox 979 684 1154 732; x_wconf 87' lang='lat' dir='ltr'>pensent</span> <span class='ocrx_word' id='word_1_103' title='bbox 1173 693 1256 733; x_wconf 86' lang='lat' dir='ltr'>que</span> <span class='ocrx_word' id='word_1_104' title='bbox 1275 681 1375 722; x_wconf 88' lang='lat' dir='ltr'>c’est</span> <span class='ocrx_word' id='word_1_105' title='bbox 1392 682 1434 723; x_wconf 62' lang='lat' dir='ltr'>le</span> <span class='ocrx_word' id='word_1_106' title='bbox 1466 682 1506 724; x_wconf 91' lang='lat' dir='ltr'>le</span> <span class='ocrx_word' id='word_1_107' title='bbox 1538 696 1634 725; x_wconf 88' lang='lat' dir='ltr'>sens</span> <span class='ocrx_word' id='word_1_108' title='bbox 1663 684 1744 725; x_wconf 65' lang='lat' dir='ltr'>du⁹²</span> <span class='ocrx_word' id='word_1_109' title='bbox 1819 715 1826 753; x_wconf 47' lang='grc' dir='ltr'>ἰ</span> 
     </span>
     <span class='ocr_line' id='line_1_11' title="bbox 147 746 1826 817; baseline 0.002 -31"><span class='ocrx_word' id='word_1_110' title='bbox 147 747 360 800; x_wconf 78' lang='lat' dir='ltr'>syriaque.</span> <span class='ocrx_word' id='word_1_111' title='bbox 1795 746 1826 817; x_wconf 18' lang='lat' dir='ltr'>‘&#39;&#39;z&#39;</span> 
     </span>
     <span class='ocr_line' id='line_1_12' title="bbox 199 810 1826 864; baseline 0.001 -11"><span class='ocrx_word' id='word_1_112' title='bbox 199 814 244 853; x_wconf 82' lang='lat'>3⁰</span> <span class='ocrx_word' id='word_1_113' title='bbox 265 813 386 854; x_wconf 81' lang='lat' dir='ltr'>Saint</span> <span class='ocrx_word' id='word_1_114' title='bbox 415 813 584 853; x_wconf 75' lang='lat' dir='ltr'>Jerome</span> <span class='ocrx_word' id='word_1_115' title='bbox 615 823 743 863; x_wconf 90' lang='lat' dir='ltr'>pense</span> <span class='ocrx_word' id='word_1_116' title='bbox 770 821 851 862; x_wconf 87' lang='lat' dir='ltr'>que</span> <span class='ocrx_word' id='word_1_117' title='bbox 877 821 923 850; x_wconf 86' lang='lat' dir='ltr'>ce</span> <span class='ocrx_word' id='word_1_118' title='bbox 956 813 1045 850; x_wconf 84' lang='lat' dir='ltr'>mot</span> <span class='ocrx_word' id='word_1_119' title='bbox 1077 810 1271 862; x_wconf 84' lang='lat' dir='ltr'>signifie:</span> <span class='ocrx_word' id='word_1_120' title='bbox 1294 812 1406 861; x_wconf 81' lang='lat' dir='ltr'>vain,</span> <span class='ocrx_word' id='word_1_121' title='bbox 1429 812 1538 862; x_wconf 88' lang='lat' dir='ltr'>vide,</span> <span class='ocrx_word' id='word_1_122' title='bbox 1574 818 1616 855; x_wconf 87' lang='lat' dir='ltr'>et</span> <span class='ocrx_word' id='word_1_123' title='bbox 1647 815 1720 855; x_wconf 78' lang='lat' dir='ltr'>des</span> <span class='ocrx_word' id='word_1_124' title='bbox 1816 824 1826 864; x_wconf 75' lang='lat'>¹1</span> 
     </span>
     <span class='ocr_line' id='line_1_13' title="bbox 146 876 1726 933; baseline 0.002 -15"><span class='ocrx_word' id='word_1_125' title='bbox 146 877 231 918; x_wconf 84' lang='lat' dir='ltr'>lors</span> <span class='ocrx_word' id='word_1_126' title='bbox 250 878 439 930; x_wconf 86' lang='lat' dir='ltr'>exprime</span> <span class='ocrx_word' id='word_1_127' title='bbox 459 877 580 917; x_wconf 78' lang='lat' dir='ltr'>l&#39;idee</span> <span class='ocrx_word' id='word_1_128' title='bbox 600 878 652 916; x_wconf 92' lang='lat' dir='ltr'>de</span> <span class='ocrx_word' id='word_1_129' title='bbox 672 887 849 916; x_wconf 83' lang='lat' dir='ltr'>cerveau</span> <span class='ocrx_word' id='word_1_130' title='bbox 871 887 1014 926; x_wconf 77' lang='lat' dir='ltr'>creuX,</span> <span class='ocrx_word' id='word_1_131' title='bbox 1037 876 1142 915; x_wconf 86' lang='lat' dir='ltr'>mais</span> <span class='ocrx_word' id='word_1_132' title='bbox 1162 879 1224 916; x_wconf 91' lang='lat' dir='ltr'>est</span> <span class='ocrx_word' id='word_1_133' title='bbox 1243 877 1382 917; x_wconf 89' lang='lat' dir='ltr'>moins</span> <span class='ocrx_word' id='word_1_134' title='bbox 1414 878 1624 930; x_wconf 78' lang='lat' dir='ltr'>expressif</span> <span class='ocrx_word' id='word_1_135' title='bbox 1639 890 1726 933; x_wconf 78' lang='lat' dir='ltr'>que·</span> 
     </span>
     <span class='ocr_line' id='line_1_14' title="bbox 145 940 1720 996; baseline 0.001 -13"><span class='ocrx_word' id='word_1_136' title='bbox 145 942 218 996; x_wconf 64' lang='lat' dir='ltr'>sim</span> <span class='ocrx_word' id='word_1_137' title='bbox 237 949 279 983; x_wconf 88' lang='lat' dir='ltr'>et</span> <span class='ocrx_word' id='word_1_138' title='bbox 296 943 367 983; x_wconf 74' lang='lat' dir='ltr'>des</span> <span class='ocrx_word' id='word_1_139' title='bbox 387 944 471 983; x_wconf 90' lang='lat' dir='ltr'>lors</span> <span class='ocrx_word' id='word_1_140' title='bbox 490 942 601 982; x_wconf 82' lang='lat' dir='ltr'>aussi</span> <span class='ocrx_word' id='word_1_141' title='bbox 627 941 763 981; x_wconf 90' lang='lat' dir='ltr'>moins</span> <span class='ocrx_word' id='word_1_142' title='bbox 792 940 1024 992; x_wconf 83' lang='lat' dir='ltr'>injurieux.</span> <span class='ocrx_word' id='word_1_143' title='bbox 1045 940 1239 981; x_wconf 80' lang='lat' dir='ltr'>D&#39;autres</span> <span class='ocrx_word' id='word_1_144' title='bbox 1269 941 1583 995; x_wconf 78' lang='lat' dir='ltr'>l&#39;interpretent</span> <span class='ocrx_word' id='word_1_145' title='bbox 1615 945 1720 986; x_wconf 77' lang='lat' dir='ltr'>dans</span> 
     </span>
     <span class='ocr_line' id='line_1_15' title="bbox 145 1005 1741 1061; baseline 0.001 -12"><span class='ocrx_word' id='word_1_146' title='bbox 145 1007 184 1049; x_wconf 90' lang='lat' dir='ltr'>le</span> <span class='ocrx_word' id='word_1_147' title='bbox 204 1019 299 1048; x_wconf 88' lang='lat' dir='ltr'>sens</span> <span class='ocrx_word' id='word_1_148' title='bbox 318 1008 370 1048; x_wconf 90' lang='lat' dir='ltr'>de</span> <span class='ocrx_word' id='word_1_149' title='bbox 389 1008 486 1047; x_wconf 86' lang='lat' dir='ltr'>vain</span> <span class='ocrx_word' id='word_1_150' title='bbox 507 1019 561 1047; x_wconf 90' lang='lat' dir='ltr'>ou</span> <span class='ocrx_word' id='word_1_151' title='bbox 582 1007 633 1047; x_wconf 94' lang='lat' dir='ltr'>de</span> <span class='ocrx_word' id='word_1_152' title='bbox 651 1006 762 1057; x_wconf 89' lang='lat' dir='ltr'>vide,</span> <span class='ocrx_word' id='word_1_153' title='bbox 785 1006 891 1046; x_wconf 75' lang='lat' dir='ltr'>mais</span> <span class='ocrx_word' id='word_1_154' title='bbox 910 1005 959 1045; x_wconf 90' lang='lat' dir='ltr'>ils</span> <span class='ocrx_word' id='word_1_155' title='bbox 978 1018 1031 1046; x_wconf 90' lang='lat' dir='ltr'>ne</span> <span class='ocrx_word' id='word_1_156' title='bbox 1052 1006 1091 1047; x_wconf 86' lang='lat' dir='ltr'>le</span> <span class='ocrx_word' id='word_1_157' title='bbox 1104 1010 1352 1060; x_wconf 85' lang='lat' dir='ltr'>rapportent</span> <span class='ocrx_word' id='word_1_158' title='bbox 1366 1020 1439 1061; x_wconf 82' lang='lat' dir='ltr'>pas</span> <span class='ocrx_word' id='word_1_159' title='bbox 1453 1021 1508 1048; x_wconf 78' lang='lat' dir='ltr'>au</span> <span class='ocrx_word' id='word_1_160' title='bbox 1524 1021 1716 1061; x_wconf 84' lang='lat' dir='ltr'>cerveau‚</span> <span class='ocrx_word' id='word_1_161' title='bbox 1735 1020 1741 1022; x_wconf 68' lang='grc'>’</span> 
     </span>
     <span class='ocr_line' id='line_1_16' title="bbox 146 1071 1743 1127; baseline 0.001 -13"><span class='ocrx_word' id='word_1_162' title='bbox 146 1074 231 1114; x_wconf 78' lang='lat' dir='ltr'>afiu</span> <span class='ocrx_word' id='word_1_163' title='bbox 251 1074 425 1113; x_wconf 79' lang='lat' dir='ltr'>d&#39;eviter</span> <span class='ocrx_word' id='word_1_164' title='bbox 441 1073 482 1112; x_wconf 82' lang='lat' dir='ltr'>la</span> <span class='ocrx_word' id='word_1_165' title='bbox 502 1072 768 1112; x_wconf 76' lang='lat' dir='ltr'>coincidence</span> <span class='ocrx_word' id='word_1_166' title='bbox 788 1072 843 1111; x_wconf 91' lang='lat' dir='ltr'>du</span> <span class='ocrx_word' id='word_1_167' title='bbox 863 1083 958 1111; x_wconf 85' lang='lat' dir='ltr'>sens</span> <span class='ocrx_word' id='word_1_168' title='bbox 978 1071 1200 1123; x_wconf 81' lang='lat' dir='ltr'>d’insense,</span> <span class='ocrx_word' id='word_1_169' title='bbox 1223 1075 1264 1112; x_wconf 88' lang='lat' dir='ltr'>et</span> <span class='ocrx_word' id='word_1_170' title='bbox 1285 1073 1333 1112; x_wconf 85' lang='lat' dir='ltr'>ils</span> <span class='ocrx_word' id='word_1_171' title='bbox 1361 1073 1501 1115; x_wconf 88' lang='lat' dir='ltr'>disent</span> <span class='ocrx_word' id='word_1_172' title='bbox 1533 1075 1636 1127; x_wconf 87' lang='lat' dir='ltr'>qu’il</span> <span class='ocrx_word' id='word_1_173' title='bbox 1668 1075 1743 1116; x_wconf 56' lang='lat' dir='ltr'>siae&#39;f</span> 
     </span>
     <span class='ocr_line' id='line_1_17' title="bbox 149 1137 1724 1194; baseline 0.003 -16"><span class='ocrx_word' id='word_1_174' title='bbox 149 1139 278 1192; x_wconf 82' lang='lat' dir='ltr'>gnifie</span> <span class='ocrx_word' id='word_1_175' title='bbox 300 1152 310 1179; x_wconf 92' lang='lat'>:</span> <span class='ocrx_word' id='word_1_176' title='bbox 332 1139 426 1179; x_wconf 89' lang='lat' dir='ltr'>vide</span> <span class='ocrx_word' id='word_1_177' title='bbox 447 1139 499 1178; x_wconf 89' lang='lat' dir='ltr'>de</span> <span class='ocrx_word' id='word_1_178' title='bbox 517 1138 638 1178; x_wconf 88' lang='lat' dir='ltr'>biens</span> <span class='ocrx_word' id='word_1_179' title='bbox 657 1140 700 1178; x_wconf 90' lang='lat' dir='ltr'>et</span> <span class='ocrx_word' id='word_1_180' title='bbox 719 1137 871 1189; x_wconf 84' lang='lat' dir='ltr'>abject.</span> <span class='ocrx_word' id='word_1_181' title='bbox 892 1137 1027 1186; x_wconf 88' lang='lat' dir='ltr'>Ainsi‚</span> <span class='ocrx_word' id='word_1_182' title='bbox 1055 1137 1159 1177; x_wconf 83' lang='lat' dir='ltr'>dans</span> <span class='ocrx_word' id='word_1_183' title='bbox 1190 1150 1274 1179; x_wconf 92' lang='lat' dir='ltr'>une</span> <span class='ocrx_word' id='word_1_184' title='bbox 1300 1141 1454 1191; x_wconf 79' lang='lat' dir='ltr'>pensee</span> <span class='ocrx_word' id='word_1_185' title='bbox 1485 1140 1536 1180; x_wconf 88' lang='lat' dir='ltr'>de</span> <span class='ocrx_word' id='word_1_186' title='bbox 1568 1140 1724 1194; x_wconf 74' lang='lat' dir='ltr'>mepris</span> 
     </span>
     <span class='ocr_line' id='line_1_18' title="bbox 145 1202 1718 1257; baseline 0.001 -12"><span class='ocrx_word' id='word_1_187' title='bbox 145 1208 290 1245; x_wconf 78' lang='lat' dir='ltr'>contre</span> <span class='ocrx_word' id='word_1_188' title='bbox 310 1216 387 1244; x_wconf 87' lang='lat' dir='ltr'>son</span> <span class='ocrx_word' id='word_1_189' title='bbox 408 1205 530 1252; x_wconf 73' lang='lat' dir='ltr'>frere,</span> <span class='ocrx_word' id='word_1_190' title='bbox 555 1202 788 1256; x_wconf 81' lang='lat' dir='ltr'>quelqu&#39;un</span> <span class='ocrx_word' id='word_1_191' title='bbox 807 1202 898 1243; x_wconf 81' lang='lat' dir='ltr'>dira</span> <span class='ocrx_word' id='word_1_192' title='bbox 921 1216 961 1242; x_wconf 77' lang='lat' dir='ltr'>z«</span> <span class='ocrx_word' id='word_1_193' title='bbox 981 1205 1044 1243; x_wconf 81' lang='lat' dir='ltr'>Tu</span> <span class='ocrx_word' id='word_1_194' title='bbox 1063 1203 1149 1242; x_wconf 83' lang='lat' dir='ltr'>n’es</span> <span class='ocrx_word' id='word_1_195' title='bbox 1168 1203 1297 1256; x_wconf 79' lang='lat' dir='ltr'>qu&#39;un</span> <span class='ocrx_word' id='word_1_196' title='bbox 1321 1216 1481 1257; x_wconf 82' lang='lat' dir='ltr'>guenx,</span> <span class='ocrx_word' id='word_1_197' title='bbox 1506 1218 1563 1245; x_wconf 89' lang='lat' dir='ltr'>un</span> <span class='ocrx_word' id='word_1_198' title='bbox 1583 1206 1718 1255; x_wconf 77' lang='lat' dir='ltr'>brim-</span> 
     </span>
     <span class='ocr_line' id='line_1_19' title="bbox 144 1268 1718 1324; baseline 0.001 -14"><span class='ocrx_word' id='word_1_199' title='bbox 144 1269 273 1310; x_wconf 80' lang='lat' dir='ltr'>heux.</span> <span class='ocrx_word' id='word_1_200' title='bbox 295 1284 315 1307; x_wconf 89' lang='lat'>))</span> <span class='ocrx_word' id='word_1_201' title='bbox 339 1269 530 1309; x_wconf 83' lang='lat' dir='ltr'>D’autres</span> <span class='ocrx_word' id='word_1_202' title='bbox 569 1268 682 1308; x_wconf 86' lang='lat' dir='ltr'>enfin</span> <span class='ocrx_word' id='word_1_203' title='bbox 716 1268 972 1308; x_wconf 80' lang='lat' dir='ltr'>l’entendent</span> <span class='ocrx_word' id='word_1_204' title='bbox 990 1268 1062 1307; x_wconf 81' lang='lat' dir='ltr'>des</span> <span class='ocrx_word' id='word_1_205' title='bbox 1082 1279 1256 1318; x_wconf 87' lang='lat' dir='ltr'>moeurs,</span> <span class='ocrx_word' id='word_1_206' title='bbox 1278 1271 1321 1309; x_wconf 89' lang='lat' dir='ltr'>et</span> <span class='ocrx_word' id='word_1_207' title='bbox 1352 1270 1492 1310; x_wconf 85' lang='lat' dir='ltr'>disent</span> <span class='ocrx_word' id='word_1_208' title='bbox 1523 1272 1627 1324; x_wconf 89' lang='lat' dir='ltr'>qu&#39;il</span> <span class='ocrx_word' id='word_1_209' title='bbox 1659 1271 1718 1311; x_wconf 82' lang='lat' dir='ltr'>si-</span> 
     </span>
     <span class='ocr_line' id='line_1_20' title="bbox 147 1333 1715 1388; baseline 0.001 -12"><span class='ocrx_word' id='word_1_210' title='bbox 147 1335 278 1388; x_wconf 83' lang='lat' dir='ltr'>gnifie</span> <span class='ocrx_word' id='word_1_211' title='bbox 300 1347 309 1374; x_wconf 93' lang='lat'><strong>:</strong></span> <span class='ocrx_word' id='word_1_212' title='bbox 332 1335 466 1387; x_wconf 82' lang='lat' dir='ltr'>leger,</span> <span class='ocrx_word' id='word_1_213' title='bbox 489 1334 603 1382; x_wconf 79' lang='lat' dir='ltr'>vain,</span> <span class='ocrx_word' id='word_1_214' title='bbox 628 1334 797 1373; x_wconf 87' lang='lat' dir='ltr'>homme</span> <span class='ocrx_word' id='word_1_215' title='bbox 833 1333 884 1373; x_wconf 89' lang='lat' dir='ltr'>de</span> <span class='ocrx_word' id='word_1_216' title='bbox 904 1333 1013 1384; x_wconf 89' lang='lat' dir='ltr'>rien,</span> <span class='ocrx_word' id='word_1_217' title='bbox 1048 1334 1240 1375; x_wconf 79' lang='lat' dir='ltr'>vaurien.</span> <span class='ocrx_word' id='word_1_218' title='bbox 1263 1335 1317 1375; x_wconf 87' lang='lat' dir='ltr'>Ge</span> <span class='ocrx_word' id='word_1_219' title='bbox 1355 1336 1584 1377; x_wconf 84' lang='lat' dir='ltr'>sentiment</span> <span class='ocrx_word' id='word_1_220' title='bbox 1603 1349 1629 1377; x_wconf 78' lang='lat' dir='ltr'>a</span> <span class='ocrx_word' id='word_1_221' title='bbox 1647 1338 1715 1378; x_wconf 67' lang='lat' dir='ltr'>ete</span> 
     </span>
     <span class='ocr_line' id='line_1_21' title="bbox 144 1398 1721 1455; baseline 0.001 -14"><span class='ocrx_word' id='word_1_222' title='bbox 144 1402 354 1441; x_wconf 78' lang='lat' dir='ltr'>emerasse</span> <span class='ocrx_word' id='word_1_223' title='bbox 375 1413 451 1453; x_wconf 77' lang='lat' dir='ltr'>par</span> <span class='ocrx_word' id='word_1_224' title='bbox 469 1400 580 1439; x_wconf 84' lang='lat' dir='ltr'>saint</span> <span class='ocrx_word' id='word_1_225' title='bbox 599 1399 737 1439; x_wconf 69' lang='lat' dir='ltr'>Basilo</span> <span class='ocrx_word' id='word_1_226' title='bbox 762 1410 771 1438; x_wconf 90' lang='lat'><strong>:</strong></span> <span class='ocrx_word' id='word_1_227' title='bbox 799 1414 818 1436; x_wconf 90' lang='lat'>«</span> <span class='ocrx_word' id='word_1_228' title='bbox 840 1398 948 1439; x_wconf 83' lang='lat' dir='ltr'>C&#39;est</span> <span class='ocrx_word' id='word_1_229' title='bbox 967 1399 1006 1439; x_wconf 91' lang='lat' dir='ltr'>le</span> <span class='ocrx_word' id='word_1_230' title='bbox 1036 1402 1127 1439; x_wconf 90' lang='lat' dir='ltr'>mot</span> <span class='ocrx_word' id='word_1_231' title='bbox 1159 1399 1348 1453; x_wconf 84' lang='lat' dir='ltr'>vulgaire</span> <span class='ocrx_word' id='word_1_232' title='bbox 1367 1413 1476 1454; x_wconf 85' lang='lat' dir='ltr'>pour</span> <span class='ocrx_word' id='word_1_233' title='bbox 1508 1402 1721 1455; x_wconf 81' lang='lat' dir='ltr'>exprimer</span> 
     </span>
     <span class='ocr_line' id='line_1_22' title="bbox 143 1464 1717 1519; baseline 0 -12"><span class='ocrx_word' id='word_1_234' title='bbox 143 1477 228 1507; x_wconf 83' lang='lat' dir='ltr'>une</span> <span class='ocrx_word' id='word_1_235' title='bbox 247 1466 390 1518; x_wconf 75' lang='lat' dir='ltr'>legere</span> <span class='ocrx_word' id='word_1_236' title='bbox 409 1464 681 1515; x_wconf 73' lang='lat' dir='ltr'>contumelie,</span> <span class='ocrx_word' id='word_1_237' title='bbox 705 1465 832 1517; x_wconf 88' lang='lat' dir='ltr'>qu&#39;on</span> <span class='ocrx_word' id='word_1_238' title='bbox 852 1465 1033 1517; x_wconf 87' lang='lat' dir='ltr'>emploie</span> <span class='ocrx_word' id='word_1_239' title='bbox 1054 1468 1199 1504; x_wconf 83' lang='lat' dir='ltr'>contre</span> <span class='ocrx_word' id='word_1_240' title='bbox 1218 1464 1278 1505; x_wconf 93' lang='lat' dir='ltr'>les</span> <span class='ocrx_word' id='word_1_241' title='bbox 1313 1477 1413 1518; x_wconf 79' lang='lat' dir='ltr'>gens</span> <span class='ocrx_word' id='word_1_242' title='bbox 1445 1467 1599 1519; x_wconf 79' lang='lat' dir='ltr'>legers.</span> <span class='ocrx_word' id='word_1_243' title='bbox 1620 1466 1717 1519; x_wconf 85' lang='lat' dir='ltr'>(Pe-</span> 
     </span>
     <span class='ocr_line' id='line_1_23' title="bbox 146 1529 1717 1585; baseline 0.001 -14"><span class='ocrx_word' id='word_1_244' title='bbox 146 1531 232 1571; x_wconf 81' lang='lat' dir='ltr'>tites</span> <span class='ocrx_word' id='word_1_245' title='bbox 251 1531 406 1585; x_wconf 67' lang='lat' dir='ltr'>qules.</span> <span class='ocrx_word' id='word_1_246' title='bbox 429 1532 530 1584; x_wconf 71' lang='lat' dir='ltr'>Rep.</span> <span class='ocrx_word' id='word_1_247' title='bbox 552 1529 635 1583; x_wconf 85' lang='lat'>41.)</span> <span class='ocrx_word' id='word_1_248' title='bbox 659 1544 677 1568; x_wconf 76' lang='grc' dir='ltr'>ι)</span> <span class='ocrx_word' id='word_1_249' title='bbox 702 1529 810 1571; x_wconf 89' lang='lat' dir='ltr'>C&#39;est</span> <span class='ocrx_word' id='word_1_250' title='bbox 839 1530 951 1570; x_wconf 82' lang='lat' dir='ltr'>aussi</span> <span class='ocrx_word' id='word_1_251' title='bbox 983 1529 1023 1570; x_wconf 87' lang='lat' dir='ltr'>le</span> <span class='ocrx_word' id='word_1_252' title='bbox 1053 1529 1283 1570; x_wconf 84' lang='lat' dir='ltr'>sentiment</span> <span class='ocrx_word' id='word_1_253' title='bbox 1316 1531 1366 1571; x_wconf 84' lang='lat' dir='ltr'>de</span> <span class='ocrx_word' id='word_1_254' title='bbox 1399 1531 1507 1572; x_wconf 82' lang='lat' dir='ltr'>saint</span> <span class='ocrx_word' id='word_1_255' title='bbox 1540 1532 1717 1583; x_wconf 78' lang='lat' dir='ltr'>Hilaire,</span> 
     </span>
     <span class='ocr_line' id='line_1_24' title="bbox 145 1594 1719 1650; baseline 0.001 -14"><span class='ocrx_word' id='word_1_256' title='bbox 145 1597 282 1637; x_wconf 81' lang='lat' dir='ltr'>disant</span> <span class='ocrx_word' id='word_1_257' title='bbox 304 1611 313 1638; x_wconf 90' lang='lat'><strong>:</strong></span> <span class='ocrx_word' id='word_1_258' title='bbox 339 1613 360 1635; x_wconf 93' lang='lat'>«</span> <span class='ocrx_word' id='word_1_259' title='bbox 379 1596 491 1637; x_wconf 69' lang='lat' dir='ltr'>scaea</span> <span class='ocrx_word' id='word_1_260' title='bbox 511 1599 574 1637; x_wconf 89' lang='lat' dir='ltr'>est</span> <span class='ocrx_word' id='word_1_261' title='bbox 591 1595 762 1648; x_wconf 88' lang='lat' dir='ltr'>l’injure</span> <span class='ocrx_word' id='word_1_262' title='bbox 794 1594 988 1635; x_wconf 79' lang='lat' dir='ltr'>adressee</span> <span class='ocrx_word' id='word_1_263' title='bbox 1021 1597 1046 1635; x_wconf 77' lang='grc' dir='ltr'>ὸ,</span> <span class='ocrx_word' id='word_1_264' title='bbox 1077 1595 1119 1635; x_wconf 84' lang='lat' dir='ltr'>la</span> <span class='ocrx_word' id='word_1_265' title='bbox 1148 1596 1306 1636; x_wconf 70' lang='lat' dir='ltr'>venite.</span> <span class='ocrx_word' id='word_1_266' title='bbox 1330 1595 1577 1650; x_wconf 88' lang='lat' dir='ltr'>Quiconque</span> <span class='ocrx_word' id='word_1_267' title='bbox 1610 1597 1719 1638; x_wconf 86' lang='lat' dir='ltr'>donc</span> 
     </span>
     <span class='ocr_line' id='line_1_25' title="bbox 143 1661 1713 1716; baseline 0.001 -13"><span class='ocrx_word' id='word_1_268' title='bbox 143 1663 324 1716; x_wconf 82' lang='lat' dir='ltr'>emploie</span> <span class='ocrx_word' id='word_1_269' title='bbox 343 1662 510 1714; x_wconf 88' lang='lat' dir='ltr'>l’injure</span> <span class='ocrx_word' id='word_1_270' title='bbox 530 1662 582 1702; x_wconf 86' lang='lat' dir='ltr'>de</span> <span class='ocrx_word' id='word_1_271' title='bbox 602 1661 642 1701; x_wconf 82' lang='lat' dir='ltr'>la</span> <span class='ocrx_word' id='word_1_272' title='bbox 660 1661 846 1713; x_wconf 78' lang='lat' dir='ltr'>legerete</span> <span class='ocrx_word' id='word_1_273' title='bbox 865 1665 1010 1701; x_wconf 84' lang='lat' dir='ltr'>contre</span> <span class='ocrx_word' id='word_1_274' title='bbox 1031 1662 1105 1713; x_wconf 89' lang='lat' dir='ltr'>qui</span> <span class='ocrx_word' id='word_1_275' title='bbox 1126 1664 1188 1700; x_wconf 86' lang='lat' dir='ltr'>est</span> <span class='ocrx_word' id='word_1_276' title='bbox 1219 1661 1371 1714; x_wconf 89' lang='lat' dir='ltr'>rempli</span> <span class='ocrx_word' id='word_1_277' title='bbox 1402 1663 1459 1702; x_wconf 92' lang='lat' dir='ltr'>du</span> <span class='ocrx_word' id='word_1_278' title='bbox 1494 1663 1713 1704; x_wconf 78' lang='lat' dir='ltr'>Saint-Es-</span> 
     </span>
    </p>
   </div>
   <div class='ocr_carea' id='block_1_4' title="bbox 142 1725 1716 1780">
    <p class='ocr_par' dir='ltr' id='par_1_4' title="bbox 142 1725 1716 1780">
     <span class='ocr_line' id='line_1_26' title="bbox 142 1725 1716 1780; baseline 0.001 -12"><span class='ocrx_word' id='word_1_279' title='bbox 142 1728 200 1768; x_wconf 89' lang='lat' dir='ltr'>rit</span> <span class='ocrx_word' id='word_1_280' title='bbox 218 1739 312 1769; x_wconf 82' lang='lat' dir='ltr'>sera</span> <span class='ocrx_word' id='word_1_281' title='bbox 330 1728 566 1768; x_wconf 77' lang='lat' dir='ltr'>condamne</span> <span class='ocrx_word' id='word_1_282' title='bbox 586 1738 663 1779; x_wconf 80' lang='lat' dir='ltr'>par</span> <span class='ocrx_word' id='word_1_283' title='bbox 682 1726 721 1766; x_wconf 87' lang='lat' dir='ltr'>le</span> <span class='ocrx_word' id='word_1_284' title='bbox 741 1726 896 1766; x_wconf 85' lang='lat' dir='ltr'>conseil</span> <span class='ocrx_word' id='word_1_285' title='bbox 916 1725 987 1766; x_wconf 87' lang='lat' dir='ltr'>des</span> <span class='ocrx_word' id='word_1_286' title='bbox 1009 1725 1163 1775; x_wconf 60' lang='lat' dir='ltr'>Seium,</span> <span class='ocrx_word' id='word_1_287' title='bbox 1188 1738 1294 1778; x_wconf 89' lang='lat' dir='ltr'>pour</span> <span class='ocrx_word' id='word_1_288' title='bbox 1313 1727 1460 1779; x_wconf 86' lang='lat' dir='ltr'>expier</span> <span class='ocrx_word' id='word_1_289' title='bbox 1478 1739 1557 1780; x_wconf 79' lang='lat' dir='ltr'>par</span> <span class='ocrx_word' id='word_1_290' title='bbox 1587 1727 1716 1769; x_wconf 80' lang='lat' dir='ltr'>l‘ani-</span> 
     </span>
    </p>
   </div>
   <div class='ocr_carea' id='block_1_5' title="bbox 1815 1068 1826 1109">
    <p class='ocr_par' dir='ltr' id='par_1_5' title="bbox 1815 1068 1826 1109">
     <span class='ocr_line' id='line_1_27' title="bbox 1815 1068 1826 1109; baseline 0 0"><span class='ocrx_word' id='word_1_291' title='bbox 1815 1068 1826 1109; x_wconf 73' lang='grc' dir='ltr'>ἶ</span> 
     </span>
    </p>
   </div>
   <div class='ocr_carea' id='block_1_6' title="bbox 146 1951 914 2189">
    <p class='ocr_par' dir='ltr' id='par_1_6' title="bbox 146 1951 914 2189">
     <span class='ocr_line' id='line_1_28' title="bbox 193 1951 914 1997; baseline -0.007 -6"><span class='ocrx_word' id='word_1_292' title='bbox 193 1956 228 1991; x_wconf 79' lang='lat'>2.</span> <span class='ocrx_word' id='word_1_293' title='bbox 264 1955 423 1990; x_wconf 85' lang='lat' dir='ltr'>Sanetus</span> <span class='ocrx_word' id='word_1_294' title='bbox 469 1951 757 1997; x_wconf 67' lang='lat' dir='ltr'>chrysostomus</span> <span class='ocrx_word' id='word_1_295' title='bbox 810 1955 914 1997; x_wconf 78' lang='lat' dir='ltr'>putat</span> 
     </span>
     <span class='ocr_line' id='line_1_29' title="bbox 146 1999 913 2049; baseline -0.008 -9"><span class='ocrx_word' id='word_1_296' title='bbox 146 2002 361 2049; x_wconf 79' lang='lat' dir='ltr'>significare</span> <span class='ocrx_word' id='word_1_297' title='bbox 383 2000 482 2036; x_wconf 81' lang='lat' dir='ltr'>idem</span> <span class='ocrx_word' id='word_1_298' title='bbox 505 1999 619 2045; x_wconf 79' lang='lat' dir='ltr'>quod,</span> <span class='ocrx_word' id='word_1_299' title='bbox 635 1999 705 2045; x_wconf 87' lang='lat' dir='ltr'>Tu,</span> <span class='ocrx_word' id='word_1_300' title='bbox 739 2009 913 2046; x_wconf 85' lang='lat' dir='ltr'>pronun-</span> 
     </span>
     <span class='ocr_line' id='line_1_30' title="bbox 146 2047 914 2093; baseline -0.009 -5"><span class='ocrx_word' id='word_1_301' title='bbox 146 2051 280 2088; x_wconf 82' lang='lat' dir='ltr'>tiatum</span> <span class='ocrx_word' id='word_1_302' title='bbox 300 2059 387 2086; x_wconf 88' lang='lat' dir='ltr'>eum</span> <span class='ocrx_word' id='word_1_303' title='bbox 420 2051 656 2093; x_wconf 81' lang='lat' dir='ltr'>contemptu,</span> <span class='ocrx_word' id='word_1_304' title='bbox 683 2047 733 2083; x_wconf 77' lang='lat' dir='ltr'>ita</span> <span class='ocrx_word' id='word_1_305' title='bbox 764 2051 803 2083; x_wconf 86' lang='lat' dir='ltr'>ut</span> <span class='ocrx_word' id='word_1_306' title='bbox 833 2057 914 2092; x_wconf 86' lang='lat' dir='ltr'>pro-</span> 
     </span>
     <span class='ocr_line' id='line_1_31' title="bbox 147 2094 914 2142; baseline -0.009 -6"><span class='ocrx_word' id='word_1_307' title='bbox 147 2097 319 2136; x_wconf 78' lang='lat' dir='ltr'>hibeatur</span> <span class='ocrx_word' id='word_1_308' title='bbox 337 2096 398 2132; x_wconf 84' lang='lat' dir='ltr'>hic</span> <span class='ocrx_word' id='word_1_309' title='bbox 424 2095 521 2142; x_wconf 87' lang='lat' dir='ltr'>quod</span> <span class='ocrx_word' id='word_1_310' title='bbox 540 2095 739 2131; x_wconf 77' lang='lat' dir='ltr'>vernacule</span> <span class='ocrx_word' id='word_1_311' title='bbox 753 2094 914 2130; x_wconf 86' lang='lat' dir='ltr'>dicimus</span> 
     </span>
     <span class='ocr_line' id='line_1_32' title="bbox 146 2142 912 2189; baseline -0.009 -5"><span class='ocrx_word' id='word_1_312' title='bbox 146 2148 278 2189; x_wconf 67' lang='lat' dir='ltr'>aliter,</span> <span class='ocrx_word' id='word_1_313' title='bbox 309 2144 435 2180; x_wconf 77' lang='lat' dir='ltr'>Latine</span> <span class='ocrx_word' id='word_1_314' title='bbox 474 2147 594 2189; x_wconf 83' lang='lat' dir='ltr'>posset</span> <span class='ocrx_word' id='word_1_315' title='bbox 626 2142 716 2186; x_wconf 87' lang='lat' dir='ltr'>dici,</span> <span class='ocrx_word' id='word_1_316' title='bbox 743 2142 912 2183; x_wconf 76' lang='lat' dir='ltr'>&#39;1¹uizure,</span> 
     </span>
    </p>
   </div>
   <div class='ocr_carea' id='block_1_7' title="bbox 147 2190 916 2242">
    <p class='ocr_par' dir='ltr' id='par_1_7' title="bbox 147 2190 916 2242">
     <span class='ocr_line' id='line_1_33' title="bbox 147 2190 916 2242; baseline -0.008 -11"><span class='ocrx_word' id='word_1_317' title='bbox 147 2192 353 2242; x_wconf 82' lang='lat' dir='ltr'>quandoid</span> <span class='ocrx_word' id='word_1_318' title='bbox 388 2190 434 2227; x_wconf 80' lang='lat' dir='ltr'>ab</span> <span class='ocrx_word' id='word_1_319' title='bbox 469 2190 597 2226; x_wconf 79' lang='lat' dir='ltr'>animo</span> <span class='ocrx_word' id='word_1_320' title='bbox 626 2190 786 2226; x_wconf 80' lang='lat' dir='ltr'>alterum</span> <span class='ocrx_word' id='word_1_321' title='bbox 825 2199 916 2226; x_wconf 87' lang='lat' dir='ltr'>con-</span> 
     </span>
    </p>
   </div>
   <div class='ocr_carea' id='block_1_8' title="bbox 146 2237 915 3002">
    <p class='ocr_par' dir='ltr' id='par_1_8' title="bbox 146 2237 915 2756">
     <span class='ocr_line' id='line_1_34' title="bbox 147 2237 914 2286; baseline -0.01 -6"><span class='ocrx_word' id='word_1_322' title='bbox 147 2244 340 2280; x_wconf 80' lang='lat' dir='ltr'>temnente</span> <span class='ocrx_word' id='word_1_323' title='bbox 402 2238 581 2286; x_wconf 78' lang='lat' dir='ltr'>procedit.</span> <span class='ocrx_word' id='word_1_324' title='bbox 647 2238 739 2273; x_wconf 79' lang='lat' dir='ltr'>Audi</span> <span class='ocrx_word' id='word_1_325' title='bbox 804 2237 914 2274; x_wconf 78' lang='lat' dir='ltr'>verba</span> 
     </span>
     <span class='ocr_line' id='line_1_35' title="bbox 147 2284 913 2335; baseline -0.009 -8"><span class='ocrx_word' id='word_1_326' title='bbox 147 2286 419 2335; x_wconf 80' lang='lat' dir='ltr'>Chrysostomi‚</span> <span class='ocrx_word' id='word_1_327' title='bbox 442 2286 550 2322; x_wconf 83' lang='lat' dir='ltr'>llum.</span> <span class='ocrx_word' id='word_1_328' title='bbox 573 2284 618 2321; x_wconf 81' lang='grc'>46</span> <span class='ocrx_word' id='word_1_329' title='bbox 641 2295 676 2322; x_wconf 74' lang='lat' dir='ltr'>:u</span> <span class='ocrx_word' id='word_1_330' title='bbox 703 2285 799 2322; x_wconf 66' lang='lat' dir='ltr'>linea</span> <span class='ocrx_word' id='word_1_331' title='bbox 836 2295 913 2321; x_wconf 89' lang='lat' dir='ltr'>non</span> 
     </span>
     <span class='ocr_line' id='line_1_36' title="bbox 173 2333 914 2386; baseline -0.008 -13"><span class='ocrx_word' id='word_1_332' title='bbox 173 2336 300 2373; x_wconf 76' lang='lat' dir='ltr'>randis</span> <span class='ocrx_word' id='word_1_333' title='bbox 315 2340 368 2370; x_wconf 83' lang='lat' dir='ltr'>est</span> <span class='ocrx_word' id='word_1_334' title='bbox 383 2343 506 2370; x_wconf 55' lang='lat' dir='ltr'>¹sermo</span> <span class='ocrx_word' id='word_1_335' title='bbox 521 2333 698 2372; x_wconf 78' lang='lat' dir='ltr'>convicii.</span> <span class='ocrx_word' id='word_1_336' title='bbox 714 2333 777 2368; x_wconf 78' lang='lat' dir='ltr'>sed</span> <span class='ocrx_word' id='word_1_337' title='bbox 795 2334 914 2386; x_wconf 64' lang='lat' dir='ltr'>magis</span> 
     </span>
     <span class='ocr_line' id='line_1_37' title="bbox 147 2348 915 2429; baseline -0.008 -8"><span class='ocrx_word' id='word_1_338' title='bbox 147 2348 194 2420; x_wconf 61' lang='lat' dir='ltr'>ge</span> <span class='ocrx_word' id='word_1_339' title='bbox 224 2386 444 2429; x_wconf 83' lang='lat' dir='ltr'>contemptu</span> <span class='ocrx_word' id='word_1_340' title='bbox 473 2380 628 2418; x_wconf 83' lang='lat' dir='ltr'>veniens</span> <span class='ocrx_word' id='word_1_341' title='bbox 663 2380 915 2426; x_wconf 82' lang='lat' dir='ltr'>impatientiu-</span> 
     </span>
     <span class='ocr_line' id='line_1_38' title="bbox 147 2427 911 2479; baseline -0.007 -11"><span class='ocrx_word' id='word_1_342' title='bbox 147 2442 220 2479; x_wconf 85' lang='lat' dir='ltr'>que</span> <span class='ocrx_word' id='word_1_343' title='bbox 240 2430 423 2474; x_wconf 82' lang='lat' dir='ltr'>dicentes,</span> <span class='ocrx_word' id='word_1_344' title='bbox 447 2434 485 2465; x_wconf 85' lang='lat' dir='ltr'>ut</span> <span class='ocrx_word' id='word_1_345' title='bbox 518 2427 589 2475; x_wconf 77' lang='lat' dir='ltr'>ipsi</span> <span class='ocrx_word' id='word_1_346' title='bbox 619 2437 911 2473; x_wconf 75' lang='lat' dir='ltr'>nonnunquam,</span> 
     </span>
     <span class='ocr_line' id='line_1_39' title="bbox 147 2475 912 2520; baseline -0.007 -5"><span class='ocrx_word' id='word_1_347' title='bbox 147 2479 203 2516; x_wconf 80' lang='lat' dir='ltr'>vel</span> <span class='ocrx_word' id='word_1_348' title='bbox 226 2477 397 2519; x_wconf 66' lang='lat' dir='ltr'>servetis,</span> <span class='ocrx_word' id='word_1_349' title='bbox 428 2476 480 2513; x_wconf 86' lang='lat' dir='ltr'>vel</span> <span class='ocrx_word' id='word_1_350' title='bbox 505 2475 746 2512; x_wconf 73' lang='lat' dir='ltr'>inferioribus</span> <span class='ocrx_word' id='word_1_351' title='bbox 763 2475 912 2520; x_wconf 77' lang='lat' dir='ltr'>quibus-</span> 
     </span>
     <span class='ocr_line' id='line_1_40' title="bbox 174 2523 909 2572; baseline -0.005 -9"><span class='ocrx_word' id='word_1_352' title='bbox 174 2536 220 2563; x_wconf 87' lang='lat' dir='ltr'>uc</span> <span class='ocrx_word' id='word_1_353' title='bbox 264 2525 404 2572; x_wconf 71' lang='lat' dir='ltr'>aliquid</span> <span class='ocrx_word' id='word_1_354' title='bbox 458 2526 686 2570; x_wconf 77' lang='lat' dir='ltr'>imperantes</span> <span class='ocrx_word' id='word_1_355' title='bbox 716 2523 909 2560; x_wconf 83' lang='lat' dir='ltr'>dicimus:</span> 
     </span>
     <span class='ocr_line' id='line_1_41' title="bbox 178 2571 914 2617; baseline -0.007 -6"><span class='ocrx_word' id='word_1_356' title='bbox 178 2573 247 2610; x_wconf 77' lang='lat' dir='ltr'>ado</span> <span class='ocrx_word' id='word_1_357' title='bbox 269 2577 318 2608; x_wconf 87' lang='lat' dir='ltr'>tu.</span> <span class='ocrx_word' id='word_1_358' title='bbox 342 2573 670 2617; x_wconf 63' lang='lat' dir='ltr'>»chrysostomum</span> <span class='ocrx_word' id='word_1_359' title='bbox 692 2571 808 2608; x_wconf 75' lang='lat' dir='ltr'>secuti</span> <span class='ocrx_word' id='word_1_360' title='bbox 825 2574 914 2607; x_wconf 84' lang='lat' dir='ltr'>sunt</span> 
     </span>
     <span class='ocr_line' id='line_1_42' title="bbox 146 2618 911 2667; baseline -0.008 -7"><span class='ocrx_word' id='word_1_361' title='bbox 146 2619 468 2667; x_wconf 63' lang='lat' dir='ltr'>Thoopttytnctns,</span> <span class='ocrx_word' id='word_1_362' title='bbox 499 2624 533 2654; x_wconf 83' lang='lat' dir='ltr'>et</span> <span class='ocrx_word' id='word_1_363' title='bbox 569 2618 806 2664; x_wconf 77' lang='lat' dir='ltr'>Euthymius,</span> <span class='ocrx_word' id='word_1_364' title='bbox 840 2628 911 2664; x_wconf 89' lang='lat' dir='ltr'>pu-</span> 
     </span>
     <span class='ocr_line' id='line_1_43' title="bbox 149 2665 911 2716; baseline -0.008 -10"><span class='ocrx_word' id='word_1_365' title='bbox 149 2673 302 2716; x_wconf 74' lang='lat' dir='ltr'>tantque</span> <span class='ocrx_word' id='word_1_366' title='bbox 332 2668 509 2712; x_wconf 78' lang='lat' dir='ltr'>Syrorum</span> <span class='ocrx_word' id='word_1_367' title='bbox 546 2666 675 2713; x_wconf 67' lang='lat' dir='ltr'>tinguit</span> <span class='ocrx_word' id='word_1_368' title='bbox 706 2666 741 2702; x_wconf 84' lang='lat' dir='ltr'>id</span> <span class='ocrx_word' id='word_1_369' title='bbox 764 2665 911 2713; x_wconf 78' lang='lat' dir='ltr'>signiti-</span> 
     </span>
     <span class='ocr_line' id='line_1_44' title="bbox 148 2715 240 2756; baseline -0.033 0"><span class='ocrx_word' id='word_1_370' title='bbox 148 2715 240 2756; x_wconf 79' lang='lat' dir='ltr'>cart.</span> 
     </span>
    </p>

    <p class='ocr_par' dir='ltr' id='par_1_9' title="bbox 146 2759 913 3002">
     <span class='ocr_line' id='line_1_45' title="bbox 195 2759 912 2805; baseline -0.01 -4"><span class='ocrx_word' id='word_1_371' title='bbox 195 2764 231 2801; x_wconf 76' lang='lat'>8.</span> <span class='ocrx_word' id='word_1_372' title='bbox 253 2762 411 2799; x_wconf 69' lang='lat' dir='ltr'>Sanctus</span> <span class='ocrx_word' id='word_1_373' title='bbox 442 2760 692 2805; x_wconf 68' lang='lat' dir='ltr'>nivronymus</span> <span class='ocrx_word' id='word_1_374' title='bbox 723 2759 912 2797; x_wconf 75' lang='lat' dir='ltr'>existimat</span> 
     </span>
     <span class='ocr_line' id='line_1_46' title="bbox 148 2808 911 2861; baseline -0.009 -12"><span class='ocrx_word' id='word_1_375' title='bbox 148 2811 249 2849; x_wconf 74' lang='lat' dir='ltr'>idem</span> <span class='ocrx_word' id='word_1_376' title='bbox 270 2808 484 2854; x_wconf 70' lang='lat' dir='ltr'>signinam-e</span> <span class='ocrx_word' id='word_1_377' title='bbox 516 2809 612 2861; x_wconf 72' lang='lat' dir='ltr'>quoii</span> <span class='ocrx_word' id='word_1_378' title='bbox 649 2808 774 2845; x_wconf 74' lang='lat' dir='ltr'>inanis</span> <span class='ocrx_word' id='word_1_379' title='bbox 798 2811 834 2844; x_wconf 79' lang='lat' dir='ltr'>ct</span> <span class='ocrx_word' id='word_1_380' title='bbox 856 2818 911 2843; x_wconf 85' lang='lat' dir='ltr'>vu-</span> 
     </span>
     <span class='ocr_line' id='line_1_47' title="bbox 147 2854 911 2905; baseline -0.008 -8"><span class='ocrx_word' id='word_1_381' title='bbox 147 2868 257 2903; x_wconf 67' lang='lat' dir='ltr'>cuue,</span> <span class='ocrx_word' id='word_1_382' title='bbox 289 2855 467 2905; x_wconf 73' lang='lat' dir='ltr'>putatque</span> <span class='ocrx_word' id='word_1_383' title='bbox 506 2854 711 2902; x_wconf 70' lang='lat' dir='ltr'>significari</span> <span class='ocrx_word' id='word_1_384' title='bbox 752 2864 911 2892; x_wconf 77' lang='lat' dir='ltr'>vacuum</span> 
     </span>
     <span class='ocr_line' id='line_1_48' title="bbox 146 2902 913 2952; baseline -0.009 -7"><span class='ocrx_word' id='word_1_385' title='bbox 146 2905 317 2952; x_wconf 81' lang='lat' dir='ltr'>cerebro,</span> <span class='ocrx_word' id='word_1_386' title='bbox 339 2905 388 2941; x_wconf 79' lang='lat' dir='ltr'>itii</span> <span class='ocrx_word' id='word_1_387' title='bbox 408 2908 534 2941; x_wconf 79' lang='lat' dir='ltr'>tamon</span> <span class='ocrx_word' id='word_1_388' title='bbox 557 2907 596 2938; x_wconf 88' lang='lat' dir='ltr'>ut</span> <span class='ocrx_word' id='word_1_389' title='bbox 615 2902 756 2948; x_wconf 80' lang='lat' dir='ltr'>nttqutd</span> <span class='ocrx_word' id='word_1_390' title='bbox 786 2902 913 2940; x_wconf 74' lang='lat' dir='ltr'>minus</span> 
     </span>
     <span class='ocr_line' id='line_1_49' title="bbox 146 2949 913 3002; baseline -0.005 -11"><span class='ocrx_word' id='word_1_391' title='bbox 146 2953 289 2993; x_wconf 78' lang='lat' dir='ltr'>indicat</span> <span class='ocrx_word' id='word_1_392' title='bbox 316 2961 429 3002; x_wconf 82' lang='lat' dir='ltr'>quam</span> <span class='ocrx_word' id='word_1_393' title='bbox 453 2949 604 3000; x_wconf 80' lang='lat' dir='ltr'>Fatuus,</span> <span class='ocrx_word' id='word_1_394' title='bbox 626 2950 747 3000; x_wconf 82' lang='lat' dir='ltr'>sitque</span> <span class='ocrx_word' id='word_1_395' title='bbox 786 2950 913 2988; x_wconf 82' lang='lat' dir='ltr'>minus</span> 
     </span>
    </p>
   </div>
   <div class='ocr_carea' id='block_1_9' title="bbox 951 1950 1722 3001">
    <p class='ocr_par' dir='ltr' id='par_1_10' title="bbox 951 1950 1722 3001">
     <span class='ocr_line' id='line_1_50' title="bbox 952 1950 1720 1998; baseline 0.007 -12"><span class='ocrx_word' id='word_1_396' title='bbox 952 1950 1181 1987; x_wconf 88' lang='lat' dir='ltr'>convicium.</span> <span class='ocrx_word' id='word_1_397' title='bbox 1204 1951 1327 1998; x_wconf 82' lang='lat' dir='ltr'>Aliqui</span> <span class='ocrx_word' id='word_1_398' title='bbox 1348 1962 1434 1989; x_wconf 87' lang='lat' dir='ltr'>vero</span> <span class='ocrx_word' id='word_1_399' title='bbox 1460 1953 1572 1990; x_wconf 82' lang='lat' dir='ltr'>etiam</span> <span class='ocrx_word' id='word_1_400' title='bbox 1605 1954 1720 1991; x_wconf 85' lang='lat' dir='ltr'>inter·</span> 
     </span>
     <span class='ocr_line' id='line_1_51' title="bbox 952 1999 1718 2050; baseline 0.007 -16"><span class='ocrx_word' id='word_1_401' title='bbox 952 2003 1158 2045; x_wconf 81' lang='lat' dir='ltr'>pretuntur,</span> <span class='ocrx_word' id='word_1_402' title='bbox 1183 2004 1223 2035; x_wconf 87' lang='lat' dir='ltr'>ut</span> <span class='ocrx_word' id='word_1_403' title='bbox 1243 1999 1291 2036; x_wconf 87' lang='lat' dir='ltr'>sit</span> <span class='ocrx_word' id='word_1_404' title='bbox 1309 1999 1410 2036; x_wconf 84' lang='lat' dir='ltr'>idem</span> <span class='ocrx_word' id='word_1_405' title='bbox 1443 2001 1542 2048; x_wconf 89' lang='lat' dir='ltr'>quod</span> <span class='ocrx_word' id='word_1_406' title='bbox 1574 2001 1718 2050; x_wconf 74' lang='lat' dir='ltr'>inanis,</span> 
     </span>
     <span class='ocr_line' id='line_1_52' title="bbox 952 2046 1721 2090; baseline 0.008 -8"><span class='ocrx_word' id='word_1_407' title='bbox 952 2051 1015 2082; x_wconf 81' lang='lat' dir='ltr'>aut</span> <span class='ocrx_word' id='word_1_408' title='bbox 1037 2057 1189 2090; x_wconf 78' lang='lat' dir='ltr'>vacuuS,</span> <span class='ocrx_word' id='word_1_409' title='bbox 1212 2046 1277 2083; x_wconf 85' lang='lat' dir='ltr'>sed</span> <span class='ocrx_word' id='word_1_410' title='bbox 1298 2057 1375 2084; x_wconf 89' lang='lat' dir='ltr'>non</span> <span class='ocrx_word' id='word_1_411' title='bbox 1395 2047 1432 2084; x_wconf 93' lang='lat' dir='ltr'>id</span> <span class='ocrx_word' id='word_1_412' title='bbox 1458 2049 1503 2085; x_wconf 79' lang='lat' dir='ltr'>ad</span> <span class='ocrx_word' id='word_1_413' title='bbox 1520 2048 1721 2088; x_wconf 87' lang='lat' dir='ltr'>cerebrum</span> 
     </span>
     <span class='ocr_line' id='line_1_53' title="bbox 953 2094 1702 2139; baseline 0.008 -10"><span class='ocrx_word' id='word_1_414' title='bbox 953 2094 1134 2139; x_wconf 80' lang='lat' dir='ltr'>referunt,</span> <span class='ocrx_word' id='word_1_415' title='bbox 1168 2104 1216 2131; x_wconf 86' lang='lat' dir='ltr'>ne</span> <span class='ocrx_word' id='word_1_416' title='bbox 1251 2094 1442 2132; x_wconf 73' lang='lat' dir='ltr'>coincidet</span> <span class='ocrx_word' id='word_1_417' title='bbox 1472 2106 1559 2133; x_wconf 90' lang='lat' dir='ltr'>cum</span> <span class='ocrx_word' id='word_1_418' title='bbox 1598 2098 1702 2135; x_wconf 78' lang='lat' dir='ltr'>fatuo</span> 
     </span>
     <span class='ocr_line' id='line_1_54' title="bbox 953 2125 1722 2192; baseline 0.008 -15"><span class='ocrx_word' id='word_1_419' title='bbox 953 2142 1015 2177; x_wconf 85' lang='lat' dir='ltr'>sed</span> <span class='ocrx_word' id='word_1_420' title='bbox 1055 2142 1155 2178; x_wconf 84' lang='lat' dir='ltr'>idem</span> <span class='ocrx_word' id='word_1_421' title='bbox 1194 2142 1409 2188; x_wconf 80' lang='lat' dir='ltr'>significare</span> <span class='ocrx_word' id='word_1_422' title='bbox 1449 2143 1579 2181; x_wconf 82' lang='lat' dir='ltr'>volunt</span> <span class='ocrx_word' id='word_1_423' title='bbox 1617 2125 1722 2192; x_wconf 55' lang='lat' dir='ltr'>quoti</span> 
     </span>
     <span class='ocr_line' id='line_1_55' title="bbox 954 2189 1719 2236; baseline 0.007 -11"><span class='ocrx_word' id='word_1_424' title='bbox 954 2199 1092 2226; x_wconf 79' lang='lat' dir='ltr'>vacuus</span> <span class='ocrx_word' id='word_1_425' title='bbox 1112 2199 1133 2226; x_wconf 92' lang='lat' dir='ltr'>o</span> <span class='ocrx_word' id='word_1_426' title='bbox 1163 2189 1248 2226; x_wconf 82' lang='lat' dir='ltr'>ibus</span> <span class='ocrx_word' id='word_1_427' title='bbox 1267 2190 1498 2236; x_wconf 79' lang='lat' dir='ltr'>ctubjectus.</span> <span class='ocrx_word' id='word_1_428' title='bbox 1522 2191 1719 2236; x_wconf 86' lang='lat' dir='ltr'>Quomodo</span> 
     </span>
     <span class='ocr_line' id='line_1_56' title="bbox 953 2237 1719 2284; baseline 0.007 -12"><span class='ocrx_word' id='word_1_429' title='bbox 953 2237 984 2273; x_wconf 81' lang='lat' dir='ltr'>si</span> <span class='ocrx_word' id='word_1_430' title='bbox 1017 2237 1100 2283; x_wconf 86' lang='lat' dir='ltr'>quis</span> <span class='ocrx_word' id='word_1_431' title='bbox 1155 2238 1225 2273; x_wconf 80' lang='lat' dir='ltr'>icat</span> <span class='ocrx_word' id='word_1_432' title='bbox 1257 2242 1476 2284; x_wconf 85' lang='lat' dir='ltr'>contemptu</span> <span class='ocrx_word' id='word_1_433' title='bbox 1509 2239 1646 2277; x_wconf 91' lang='lat' dir='ltr'>ductus</span> <span class='ocrx_word' id='word_1_434' title='bbox 1676 2239 1719 2277; x_wconf 89' lang='lat' dir='ltr'>in</span> 
     </span>
     <span class='ocr_line' id='line_1_57' title="bbox 953 2285 1722 2336; baseline 0.005 -16"><span class='ocrx_word' id='word_1_435' title='bbox 953 2285 1105 2321; x_wconf 75' lang='lat' dir='ltr'>fratrem</span> <span class='ocrx_word' id='word_1_436' title='bbox 1126 2285 1326 2321; x_wconf 79' lang='lat' dir='ltr'>vernacule</span> <span class='ocrx_word' id='word_1_437' title='bbox 1349 2294 1356 2321; x_wconf 94' lang='lat'><strong>:</strong></span> <span class='ocrx_word' id='word_1_438' title='bbox 1386 2298 1399 2316; x_wconf 70' lang='grc' dir='ltr'>α</span> <span class='ocrx_word' id='word_1_439' title='bbox 1434 2288 1489 2322; x_wconf 77' lang='lat' dir='ltr'>Tu</span> <span class='ocrx_word' id='word_1_440' title='bbox 1508 2285 1586 2323; x_wconf 79' lang='lat' dir='ltr'>n&#39;es</span> <span class='ocrx_word' id='word_1_441' title='bbox 1604 2286 1722 2336; x_wconf 70' lang='lat' dir='ltr'>qu&#39;un</span> 
     </span>
     <span class='ocr_line' id='line_1_58' title="bbox 951 2331 1720 2382; baseline 0.008 -15"><span class='ocrx_word' id='word_1_442' title='bbox 951 2342 1096 2380; x_wconf 65' lang='lat' dir='ltr'>queam,</span> <span class='ocrx_word' id='word_1_443' title='bbox 1117 2342 1169 2367; x_wconf 83' lang='lat' dir='ltr'>un</span> <span class='ocrx_word' id='word_1_444' title='bbox 1190 2331 1411 2369; x_wconf 65' lang='lat' dir='ltr'>brimbetw.</span> <span class='ocrx_word' id='word_1_445' title='bbox 1433 2347 1446 2366; x_wconf 67' lang='lat' dir='ltr'><em>n</em></span> <span class='ocrx_word' id='word_1_446' title='bbox 1465 2333 1534 2369; x_wconf 83' lang='lat' dir='ltr'>Alii</span> <span class='ocrx_word' id='word_1_447' title='bbox 1555 2333 1720 2382; x_wconf 80' lang='lat' dir='ltr'>denique</span> 
     </span>
     <span class='ocr_line' id='line_1_59' title="bbox 952 2379 1718 2430; baseline 0.007 -15"><span class='ocrx_word' id='word_1_448' title='bbox 952 2380 997 2416; x_wconf 86' lang='lat' dir='ltr'>ud</span> <span class='ocrx_word' id='word_1_449' title='bbox 1020 2390 1142 2416; x_wconf 81' lang='lat' dir='ltr'>mores</span> <span class='ocrx_word' id='word_1_450' title='bbox 1164 2379 1345 2424; x_wconf 79' lang='lat' dir='ltr'>rest-runt,</span> <span class='ocrx_word' id='word_1_451' title='bbox 1369 2384 1407 2416; x_wconf 84' lang='lat' dir='ltr'>ut</span> <span class='ocrx_word' id='word_1_452' title='bbox 1428 2380 1526 2418; x_wconf 84' lang='lat' dir='ltr'>idem</span> <span class='ocrx_word' id='word_1_453' title='bbox 1549 2382 1597 2418; x_wconf 85' lang='lat' dir='ltr'>sit</span> <span class='ocrx_word' id='word_1_454' title='bbox 1617 2381 1718 2430; x_wconf 83' lang='lat' dir='ltr'>quod</span> 
     </span>
     <span class='ocr_line' id='line_1_60' title="bbox 955 2426 1719 2477; baseline 0.007 -15"><span class='ocrx_word' id='word_1_455' title='bbox 955 2427 1044 2464; x_wconf 81' lang='lat' dir='ltr'>levis</span> <span class='ocrx_word' id='word_1_456' title='bbox 1075 2431 1110 2463; x_wconf 84' lang='lat' dir='ltr'>et</span> <span class='ocrx_word' id='word_1_457' title='bbox 1142 2426 1283 2471; x_wconf 76' lang='lat' dir='ltr'>inanis,</span> <span class='ocrx_word' id='word_1_458' title='bbox 1317 2427 1392 2464; x_wconf 81' lang='lat' dir='ltr'>sive</span> <span class='ocrx_word' id='word_1_459' title='bbox 1433 2429 1544 2466; x_wconf 83' lang='lat' dir='ltr'>etium</span> <span class='ocrx_word' id='word_1_460' title='bbox 1584 2439 1719 2477; x_wconf 82' lang='lat' dir='ltr'>vanus,</span> 
     </span>
     <span class='ocr_line' id='line_1_61' title="bbox 954 2474 1719 2518; baseline 0.007 -8"><span class='ocrx_word' id='word_1_461' title='bbox 954 2475 1067 2511; x_wconf 82' lang='lat' dir='ltr'>homo</span> <span class='ocrx_word' id='word_1_462' title='bbox 1107 2474 1230 2518; x_wconf 84' lang='lat' dir='ltr'>nihili,</span> <span class='ocrx_word' id='word_1_463' title='bbox 1273 2475 1473 2513; x_wconf 80' lang='lat' dir='ltr'>vernaculo</span> <span class='ocrx_word' id='word_1_464' title='bbox 1508 2486 1516 2513; x_wconf 75' lang='grc' dir='ltr'>ε</span> <span class='ocrx_word' id='word_1_465' title='bbox 1549 2489 1564 2509; x_wconf 76' lang='grc' dir='ltr'><strong>α</strong></span> <span class='ocrx_word' id='word_1_466' title='bbox 1588 2480 1719 2515; x_wconf 77' lang='lat' dir='ltr'>Vaut-</span> 
     </span>
     <span class='ocr_line' id='line_1_62' title="bbox 951 2521 1718 2563; baseline 0.005 -4"><span class='ocrx_word' id='word_1_467' title='bbox 951 2521 1070 2559; x_wconf 67' lang='lat' dir='ltr'>udan!</span> <span class='ocrx_word' id='word_1_468' title='bbox 1114 2535 1127 2555; x_wconf 69' lang='lat' dir='ltr'><strong><em>n</em></strong></span> <span class='ocrx_word' id='word_1_469' title='bbox 1180 2522 1272 2559; x_wconf 86' lang='lat' dir='ltr'>tluic</span> <span class='ocrx_word' id='word_1_470' title='bbox 1317 2523 1515 2560; x_wconf 79' lang='lat' dir='ltr'>sententiae</span> <span class='ocrx_word' id='word_1_471' title='bbox 1571 2524 1718 2563; x_wconf 78' lang='lat' dir='ltr'>accedit</span> 
     </span>
     <span class='ocr_line' id='line_1_63' title="bbox 952 2569 1720 2617; baseline 0.007 -11"><span class='ocrx_word' id='word_1_472' title='bbox 952 2574 1104 2606; x_wconf 73' lang='lat' dir='ltr'>sanctus</span> <span class='ocrx_word' id='word_1_473' title='bbox 1127 2569 1283 2606; x_wconf 72' lang='lat' dir='ltr'>Basilius</span> <span class='ocrx_word' id='word_1_474' title='bbox 1305 2571 1344 2607; x_wconf 87' lang='lat' dir='ltr'>in</span> <span class='ocrx_word' id='word_1_475' title='bbox 1366 2571 1516 2617; x_wconf 72' lang='lat' dir='ltr'>llegulis</span> <span class='ocrx_word' id='word_1_476' title='bbox 1536 2571 1720 2611; x_wconf 85' lang='lat' dir='ltr'>breviori-</span> 
     </span>
     <span class='ocr_line' id='line_1_64' title="bbox 954 2617 1717 2665; baseline 0.007 -11"><span class='ocrx_word' id='word_1_477' title='bbox 954 2617 1037 2662; x_wconf 76' lang='lat' dir='ltr'>bus,</span> <span class='ocrx_word' id='word_1_478' title='bbox 1059 2628 1226 2663; x_wconf 80' lang='lat' dir='ltr'>respons.</span> <span class='ocrx_word' id='word_1_479' title='bbox 1249 2617 1287 2654; x_wconf 76' lang='lat'>51</span> <span class='ocrx_word' id='word_1_480' title='bbox 1312 2629 1341 2654; x_wconf 70' lang='lat' dir='ltr'>:a</span> <span class='ocrx_word' id='word_1_481' title='bbox 1365 2618 1633 2665; x_wconf 66' lang='lat' dir='ltr'>Verulamium,</span> <span class='ocrx_word' id='word_1_482' title='bbox 1652 2621 1717 2659; x_wconf 86' lang='lat' dir='ltr'>in-</span> 
     </span>
     <span class='ocr_line' id='line_1_65' title="bbox 952 2665 1719 2711; baseline 0.008 -11"><span class='ocrx_word' id='word_1_483' title='bbox 952 2665 1046 2711; x_wconf 80' lang='lat' dir='ltr'>quit,</span> <span class='ocrx_word' id='word_1_484' title='bbox 1081 2676 1220 2702; x_wconf 85' lang='lat' dir='ltr'>nomen</span> <span class='ocrx_word' id='word_1_485' title='bbox 1250 2670 1305 2702; x_wconf 87' lang='lat' dir='ltr'>est</span> <span class='ocrx_word' id='word_1_486' title='bbox 1338 2666 1580 2705; x_wconf 63' lang='lat' dir='ltr'>contumelia}</span> <span class='ocrx_word' id='word_1_487' title='bbox 1605 2668 1719 2706; x_wconf 86' lang='lat' dir='ltr'>levio-</span> 
     </span>
     <span class='ocr_line' id='line_1_66' title="bbox 954 2713 1717 2759; baseline 0.007 -10"><span class='ocrx_word' id='word_1_488' title='bbox 954 2714 1017 2755; x_wconf 72' lang='lat' dir='ltr'>ris,</span> <span class='ocrx_word' id='word_1_489' title='bbox 1039 2723 1122 2759; x_wconf 66' lang='lat' dir='ltr'>quae</span> <span class='ocrx_word' id='word_1_490' title='bbox 1148 2713 1326 2750; x_wconf 74' lang='lat' dir='ltr'>advorsus</span> <span class='ocrx_word' id='word_1_491' title='bbox 1355 2714 1581 2752; x_wconf 86' lang='lat' dir='ltr'>leviusculos</span> <span class='ocrx_word' id='word_1_492' title='bbox 1610 2725 1717 2754; x_wconf 84' lang='lat' dir='ltr'>usur-</span> 
     </span>
     <span class='ocr_line' id='line_1_67' title="bbox 967 2759 1717 2802; baseline 0.009 -7"><span class='ocrx_word' id='word_1_493' title='bbox 967 2765 1073 2796; x_wconf 78' lang='lat' dir='ltr'>›utur.</span> <span class='ocrx_word' id='word_1_494' title='bbox 1122 2776 1135 2795; x_wconf 75' lang='lat' dir='ltr'>n</span> <span class='ocrx_word' id='word_1_495' title='bbox 1198 2759 1265 2797; x_wconf 75' lang='lat' dir='ltr'>Cui</span> <span class='ocrx_word' id='word_1_496' title='bbox 1321 2766 1504 2799; x_wconf 82' lang='lat' dir='ltr'>consonat</span> <span class='ocrx_word' id='word_1_497' title='bbox 1563 2767 1717 2802; x_wconf 76' lang='lat' dir='ltr'>sanetus</span> 
     </span>
     <span class='ocr_line' id='line_1_68' title="bbox 954 2772 1718 2850; baseline 0.009 -7"><span class='ocrx_word' id='word_1_498' title='bbox 954 2772 1117 2845; x_wconf 59' lang='lat' dir='ltr'>{titurius</span> <span class='ocrx_word' id='word_1_499' title='bbox 1137 2809 1176 2845; x_wconf 87' lang='lat' dir='ltr'>in</span> <span class='ocrx_word' id='word_1_500' title='bbox 1199 2808 1372 2846; x_wconf 72' lang='lat' dir='ltr'>Mutttnaeo</span> <span class='ocrx_word' id='word_1_501' title='bbox 1403 2809 1559 2848; x_wconf 84' lang='lat' dir='ltr'>dicens:</span> <span class='ocrx_word' id='word_1_502' title='bbox 1586 2825 1599 2843; x_wconf 73' lang='grc' dir='ltr'>ι</span> <span class='ocrx_word' id='word_1_503' title='bbox 1617 2810 1718 2850; x_wconf 70' lang='lat' dir='ltr'>Rana</span> 
     </span>
     <span class='ocr_line' id='line_1_69' title="bbox 954 2856 1718 2907; baseline 0.007 -16"><span class='ocrx_word' id='word_1_504' title='bbox 954 2856 1129 2892; x_wconf 73' lang='lat' dir='ltr'>vanitatis</span> <span class='ocrx_word' id='word_1_505' title='bbox 1170 2856 1415 2903; x_wconf 82' lang='lat' dir='ltr'>opprobrium</span> <span class='ocrx_word' id='word_1_506' title='bbox 1463 2861 1532 2895; x_wconf 85' lang='lat' dir='ltr'>est.</span> <span class='ocrx_word' id='word_1_507' title='bbox 1573 2858 1617 2895; x_wconf 86' lang='lat' dir='ltr'>Et</span> <span class='ocrx_word' id='word_1_508' title='bbox 1650 2856 1718 2907; x_wconf 81' lang='lat' dir='ltr'>qui</span> 
     </span>
     <span class='ocr_line' id='line_1_70' title="bbox 951 2902 1716 2953; baseline 0.007 -14"><span class='ocrx_word' id='word_1_509' title='bbox 951 2903 1089 2950; x_wconf 74' lang='lat' dir='ltr'>Spiritu</span> <span class='ocrx_word' id='word_1_510' title='bbox 1140 2902 1275 2941; x_wconf 78' lang='lat' dir='ltr'>Sancto</span> <span class='ocrx_word' id='word_1_511' title='bbox 1347 2903 1491 2953; x_wconf 84' lang='lat' dir='ltr'>lenum,</span> <span class='ocrx_word' id='word_1_512' title='bbox 1542 2904 1716 2946; x_wconf 79' lang='lat' dir='ltr'>convicto</span> 
     </span>
     <span class='ocr_line' id='line_1_71' title="bbox 954 2950 1716 3001; baseline 0.001 -12"><span class='ocrx_word' id='word_1_513' title='bbox 954 2950 1148 2990; x_wconf 76' lang='lat' dir='ltr'>vacuitatis</span> <span class='ocrx_word' id='word_1_514' title='bbox 1167 2950 1308 2990; x_wconf 79' lang='lat' dir='ltr'>insimu</span> <span class='ocrx_word' id='word_1_515' title='bbox 1326 2955 1375 3001; x_wconf 80' lang='lat' dir='ltr'>at,</span> <span class='ocrx_word' id='word_1_516' title='bbox 1399 2951 1440 2990; x_wconf 75' lang='lat' dir='ltr'>fii</span> <span class='ocrx_word' id='word_1_517' title='bbox 1472 2962 1558 2991; x_wconf 84' lang='lat' dir='ltr'>rcus</span> <span class='ocrx_word' id='word_1_518' title='bbox 1588 2952 1716 2992; x_wconf 84' lang='lat' dir='ltr'>concl-</span> 
     </span>
    </p>
   </div>
  </div>
 </body>
</html>
