<?xml version="1.0" encoding="UTF-8"?>
<!DOCTYPE html PUBLIC "-//W3C//DTD XHTML 1.0 Transitional//EN"
    "http://www.w3.org/TR/xhtml1/DTD/xhtml1-transitional.dtd">
<html xmlns="http://www.w3.org/1999/xhtml" xml:lang="en" lang="en">
 <head>
  <title>
</title>
<meta http-equiv="Content-Type" content="text/html;charset=utf-8" />
  <meta name='ocr-system' content='tesseract 3.04.00' />
  <meta name='ocr-capabilities' content='ocr_page ocr_carea ocr_par ocr_line ocrx_word'/>
</head>
<body>
  <div class='ocr_page' id='page_1' title='image "./lerationaldespr03marc_0349.png"; bbox 0 0 1898 3172; ppageno 0'>
   <div class='ocr_carea' id='block_1_1' title="bbox 556 186 1654 247">
    <p class='ocr_par' dir='ltr' id='par_1_1' title="bbox 556 186 1654 247">
     <span class='ocr_line' id='line_1_1' title="bbox 556 186 1654 247; baseline 0.015 -22"><span class='ocrx_word' id='word_1_1' title='bbox 556 194 607 226; x_wconf 75' lang='lat' dir='ltr'><strong>LA</strong></span> <span class='ocrx_word' id='word_1_2' title='bbox 635 186 739 227; x_wconf 59' lang='lat' dir='ltr'><strong>rnre</strong></span> <span class='ocrx_word' id='word_1_3' title='bbox 767 197 819 229; x_wconf 74' lang='lat' dir='ltr'><strong>ne</strong></span> <span class='ocrx_word' id='word_1_4' title='bbox 847 199 897 229; x_wconf 74' lang='lat' dir='ltr'><strong>LA</strong></span> <span class='ocrx_word' id='word_1_5' title='bbox 928 200 1178 233; x_wconf 73' lang='lat' dir='ltr'><strong>rtznrssco‘m.</strong></span> <span class='ocrx_word' id='word_1_6' title='bbox 1573 203 1654 247; x_wconf 76' lang='grc'><strong>339</strong></span> 
     </span>
    </p>
   </div>
   <div class='ocr_carea' id='block_1_2' title="bbox 0 268 1654 2040">
    <p class='ocr_par' dir='ltr' id='par_1_2' title="bbox 0 268 1654 1574">
     <span class='ocr_line' id='line_1_2' title="bbox 79 268 1654 343; baseline 0.015 -35"><span class='ocrx_word' id='word_1_7' title='bbox 79 268 140 323; x_wconf 80' lang='grc'><strong>1.)</strong></span> <span class='ocrx_word' id='word_1_8' title='bbox 158 270 258 311; x_wconf 83' lang='lat' dir='ltr'><strong>cela</strong></span> <span class='ocrx_word' id='word_1_9' title='bbox 275 273 402 325; x_wconf 79' lang='lat' dir='ltr'><strong>parnt</strong></span> <span class='ocrx_word' id='word_1_10' title='bbox 420 269 665 313; x_wconf 84' lang='lat' dir='ltr'><strong>elairement</strong></span> <span class='ocrx_word' id='word_1_11' title='bbox 685 274 785 316; x_wconf 90' lang='lat' dir='ltr'><strong>chez</strong></span> <span class='ocrx_word' id='word_1_12' title='bbox 806 275 964 331; x_wconf 76' lang='lat' dir='ltr'><strong>pierre,</strong></span> <span class='ocrx_word' id='word_1_13' title='bbox 987 279 1062 332; x_wconf 86' lang='lat' dir='ltr'><strong>qui</strong></span> <span class='ocrx_word' id='word_1_14' title='bbox 1080 292 1125 322; x_wconf 75' lang='lat' dir='ltr'><strong>se</strong></span> <span class='ocrx_word' id='word_1_15' title='bbox 1151 281 1245 324; x_wconf 84' lang='lat' dir='ltr'><strong>leva</strong></span> <span class='ocrx_word' id='word_1_16' title='bbox 1276 295 1439 326; x_wconf 87' lang='lat' dir='ltr'><strong>comme</strong></span> <span class='ocrx_word' id='word_1_17' title='bbox 1471 299 1525 328; x_wconf 89' lang='grc'><strong>88</strong></span> <span class='ocrx_word' id='word_1_18' title='bbox 1551 290 1654 343; x_wconf 81' lang='lat' dir='ltr'><strong>J&#39;our</strong></span> 
     </span>
     <span class='ocr_line' id='line_1_3' title="bbox 77 333 1651 407; baseline 0.015 -34"><span class='ocrx_word' id='word_1_19' title='bbox 77 333 131 373; x_wconf 90' lang='lat' dir='ltr'><strong>de</strong></span> <span class='ocrx_word' id='word_1_20' title='bbox 150 335 192 375; x_wconf 91' lang='lat' dir='ltr'><strong>la</strong></span> <span class='ocrx_word' id='word_1_21' title='bbox 211 336 445 387; x_wconf 68' lang='lat' dir='ltr'><strong>Pentecote,</strong></span> <span class='ocrx_word' id='word_1_22' title='bbox 467 339 509 377; x_wconf 86' lang='lat' dir='ltr'><strong>et</strong></span> <span class='ocrx_word' id='word_1_23' title='bbox 537 337 766 380; x_wconf 83' lang='lat' dir='ltr'><strong>enflamma</strong></span> <span class='ocrx_word' id='word_1_24' title='bbox 800 343 894 382; x_wconf 87' lang='lat' dir='ltr'><strong>tous</strong></span> <span class='ocrx_word' id='word_1_25' title='bbox 912 355 978 384; x_wconf 89' lang='lat' dir='ltr'><strong>ses</strong></span> <span class='ocrx_word' id='word_1_26' title='bbox 997 345 1226 388; x_wconf 84' lang='lat' dir='ltr'><strong>auditeurs.</strong></span> <span class='ocrx_word' id='word_1_27' title='bbox 1248 349 1367 390; x_wconf 81' lang='lat' dir='ltr'><strong>Ainsi</strong></span> <span class='ocrx_word' id='word_1_28' title='bbox 1385 350 1445 392; x_wconf 85' lang='lat' dir='ltr'><strong>les</strong></span> <span class='ocrx_word' id='word_1_29' title='bbox 1475 354 1651 407; x_wconf 64' lang='lat' dir='ltr'><strong>Aponon</strong></span> 
     </span>
     <span class='ocr_line' id='line_1_4' title="bbox 78 400 1645 472; baseline 0.015 -34"><span class='ocrx_word' id='word_1_30' title='bbox 78 401 296 451; x_wconf 59' lang='grc' dir='ltr'><strong>μοι-1818111</strong></span> <span class='ocrx_word' id='word_1_31' title='bbox 316 401 419 441; x_wconf 82' lang='lat' dir='ltr'><strong>dans</strong></span> <span class='ocrx_word' id='word_1_32' title='bbox 437 400 477 442; x_wconf 89' lang='lat' dir='ltr'><strong>le</strong></span> <span class='ocrx_word' id='word_1_33' title='bbox 504 403 658 444; x_wconf 89' lang='lat' dir='ltr'><strong>monde</strong></span> <span class='ocrx_word' id='word_1_34' title='bbox 694 405 828 447; x_wconf 82' lang='lat' dir='ltr'><strong>entier</strong></span> <span class='ocrx_word' id='word_1_35' title='bbox 866 407 908 448; x_wconf 84' lang='lat' dir='ltr'><strong>la</strong></span> <span class='ocrx_word' id='word_1_36' title='bbox 942 411 1087 462; x_wconf 85' lang='lat' dir='ltr'><strong>parole</strong></span> <span class='ocrx_word' id='word_1_37' title='bbox 1126 412 1177 453; x_wconf 90' lang='lat' dir='ltr'><strong>de</strong></span> <span class='ocrx_word' id='word_1_38' title='bbox 1216 413 1287 454; x_wconf 80' lang='lat' dir='ltr'><strong>feu</strong></span> <span class='ocrx_word' id='word_1_39' title='bbox 1325 415 1382 456; x_wconf 91' lang='lat' dir='ltr'><strong>du</strong></span> <span class='ocrx_word' id='word_1_40' title='bbox 1420 417 1645 472; x_wconf 81' lang='lat' dir='ltr'><strong>Seigneur,</strong></span> 
     </span>
     <span class='ocr_line' id='line_1_5' title="bbox 17 465 1649 534; baseline 0.015 -31"><span class='ocrx_word' id='word_1_41' title='bbox 17 468 19 471; x_wconf 80' lang='grc'><strong>“</strong></span> <span class='ocrx_word' id='word_1_42' title='bbox 72 475 239 506; x_wconf 87' lang='lat' dir='ltr'><strong>comme</strong></span> <span class='ocrx_word' id='word_1_43' title='bbox 267 479 285 503; x_wconf 81' lang='grc' dir='ltr'>α</span> <span class='ocrx_word' id='word_1_44' title='bbox 303 465 364 506; x_wconf 84' lang='lat' dir='ltr'><strong>les</strong></span> <span class='ocrx_word' id='word_1_45' title='bbox 383 466 536 508; x_wconf 69' lang='lat' dir='ltr'><strong>fleches</strong></span> <span class='ocrx_word' id='word_1_46' title='bbox 553 472 773 521; x_wconf 66' lang='lat' dir='ltr'><strong>pereuntes</strong></span> <span class='ocrx_word' id='word_1_47' title='bbox 793 472 844 513; x_wconf 89' lang='lat' dir='ltr'><strong>de</strong></span> <span class='ocrx_word' id='word_1_48' title='bbox 864 473 973 514; x_wconf 89' lang='lat' dir='ltr'><strong>celui</strong></span> <span class='ocrx_word' id='word_1_49' title='bbox 993 476 1066 528; x_wconf 90' lang='lat' dir='ltr'><strong>qui</strong></span> <span class='ocrx_word' id='word_1_50' title='bbox 1086 480 1147 517; x_wconf 83' lang='lat' dir='ltr'><strong>est</strong></span> <span class='ocrx_word' id='word_1_51' title='bbox 1167 478 1266 528; x_wconf 83' lang='lat' dir='ltr'><strong>fort,</strong></span> <span class='ocrx_word' id='word_1_52' title='bbox 1282 479 1504 534; x_wconf 79' lang='lat' dir='ltr'>lesquelles</span> <span class='ocrx_word' id='word_1_53' title='bbox 1523 484 1649 526; x_wconf 78' lang='lat' dir='ltr'><strong>devo-</strong></span> 
     </span>
     <span class='ocr_line' id='line_1_6' title="bbox 72 531 1648 594; baseline 0.016 -26"><span class='ocrx_word' id='word_1_54' title='bbox 72 532 170 570; x_wconf 82' lang='lat' dir='ltr'><strong>rent</strong></span> <span class='ocrx_word' id='word_1_55' title='bbox 188 541 349 571; x_wconf 88' lang='lat' dir='ltr'><strong>eomme</strong></span> <span class='ocrx_word' id='word_1_56' title='bbox 369 531 410 571; x_wconf 83' lang='lat' dir='ltr'><strong>la</strong></span> <span class='ocrx_word' id='word_1_57' title='bbox 429 531 614 584; x_wconf 86' lang='lat' dir='ltr'><strong>flamme,</strong></span> <span class='ocrx_word' id='word_1_58' title='bbox 634 533 726 587; x_wconf 87' lang='lat' dir='ltr'><strong>(Ps.</strong></span> <span class='ocrx_word' id='word_1_59' title='bbox 749 547 858 588; x_wconf 85' lang='lat' dir='ltr'><strong>cx1x,</strong></span> <span class='ocrx_word' id='word_1_60' title='bbox 881 539 944 593; x_wconf 72' lang='lat'><strong>4.)</strong></span> <span class='ocrx_word' id='word_1_61' title='bbox 963 554 982 578; x_wconf 78' lang='grc'><strong>11</strong></span> <span class='ocrx_word' id='word_1_62' title='bbox 1006 553 1113 594; x_wconf 89' lang='lat' dir='ltr'><strong>pour</strong></span> <span class='ocrx_word' id='word_1_63' title='bbox 1139 544 1390 588; x_wconf 84' lang='lat' dir='ltr'><strong>enssammer</strong></span> <span class='ocrx_word' id='word_1_64' title='bbox 1421 548 1481 589; x_wconf 81' lang='lat' dir='ltr'><strong>les</strong></span> <span class='ocrx_word' id='word_1_65' title='bbox 1511 563 1648 594; x_wconf 76' lang='lat' dir='ltr'><strong>coeurs</strong></span> 
     </span>
     <span class='ocr_line' id='line_1_7' title="bbox 70 594 1646 657; baseline 0.016 -25"><span class='ocrx_word' id='word_1_66' title='bbox 70 594 148 635; x_wconf 84' lang='lat' dir='ltr'><strong>des</strong></span> <span class='ocrx_word' id='word_1_67' title='bbox 168 595 358 635; x_wconf 88' lang='lat' dir='ltr'><strong>ennemis</strong></span> <span class='ocrx_word' id='word_1_68' title='bbox 378 596 434 636; x_wconf 91' lang='lat' dir='ltr'><strong>du</strong></span> <span class='ocrx_word' id='word_1_69' title='bbox 455 597 592 638; x_wconf 78' lang='lat' dir='ltr'>Christ</span> <span class='ocrx_word' id='word_1_70' title='bbox 609 604 651 640; x_wconf 87' lang='lat' dir='ltr'><strong>et</strong></span> <span class='ocrx_word' id='word_1_71' title='bbox 673 601 778 642; x_wconf 86' lang='lat' dir='ltr'><strong>chan</strong></span> <span class='ocrx_word' id='word_1_72' title='bbox 787 614 862 654; x_wconf 85' lang='lat' dir='ltr'><strong>ger</strong></span> <span class='ocrx_word' id='word_1_73' title='bbox 881 603 973 645; x_wconf 91' lang='lat' dir='ltr'><strong>leur</strong></span> <span class='ocrx_word' id='word_1_74' title='bbox 991 605 1118 648; x_wconf 83' lang='lat' dir='ltr'><strong>haine</strong></span> <span class='ocrx_word' id='word_1_75' title='bbox 1135 620 1188 649; x_wconf 91' lang='lat' dir='ltr'><strong>en</strong></span> <span class='ocrx_word' id='word_1_76' title='bbox 1210 621 1373 651; x_wconf 84' lang='lat' dir='ltr'><strong>amour.</strong></span> <span class='ocrx_word' id='word_1_77' title='bbox 1391 614 1513 656; x_wconf 85' lang='lat' dir='ltr'><strong>Saint</strong></span> <span class='ocrx_word' id='word_1_78' title='bbox 1543 616 1646 657; x_wconf 81' lang='lat' dir='ltr'><strong>Gre-</strong></span> 
     </span>
     <span class='ocr_line' id='line_1_8' title="bbox 73 659 1644 733; baseline 0.015 -34"><span class='ocrx_word' id='word_1_79' title='bbox 73 659 190 711; x_wconf 72' lang='grc'><strong>30118</strong></span> <span class='ocrx_word' id='word_1_80' title='bbox 209 660 271 707; x_wconf 82' lang='grc'><strong>(111</strong></span> <span class='ocrx_word' id='word_1_81' title='bbox 290 662 316 700; x_wconf 72' lang='lat' dir='ltr'><strong>a</strong></span> <span class='ocrx_word' id='word_1_82' title='bbox 334 673 378 702; x_wconf 90' lang='lat' dir='ltr'><strong>ee</strong></span> <span class='ocrx_word' id='word_1_83' title='bbox 398 674 551 715; x_wconf 82' lang='lat' dir='ltr'>propos</span> <span class='ocrx_word' id='word_1_84' title='bbox 575 677 585 703; x_wconf 94' lang='lat'>:</span> <span class='ocrx_word' id='word_1_85' title='bbox 613 679 632 704; x_wconf 94' lang='lat'>«</span> <span class='ocrx_word' id='word_1_86' title='bbox 653 666 839 720; x_wconf 81' lang='lat' dir='ltr'><strong>L&#39;Esprit</strong></span> <span class='ocrx_word' id='word_1_87' title='bbox 861 675 1042 723; x_wconf 80' lang='lat' dir='ltr'><strong>apparat</strong></span> <span class='ocrx_word' id='word_1_88' title='bbox 1061 672 1166 713; x_wconf 87' lang='lat' dir='ltr'><strong>dans</strong></span> <span class='ocrx_word' id='word_1_89' title='bbox 1186 674 1258 715; x_wconf 87' lang='lat' dir='ltr'><strong>des</strong></span> <span class='ocrx_word' id='word_1_90' title='bbox 1277 676 1345 716; x_wconf 89' lang='grc'><strong>1811</strong></span> <span class='ocrx_word' id='word_1_91' title='bbox 1353 690 1455 730; x_wconf 84' lang='lat' dir='ltr'><strong>gues</strong></span> <span class='ocrx_word' id='word_1_92' title='bbox 1474 679 1526 720; x_wconf 87' lang='lat' dir='ltr'><strong>de</strong></span> <span class='ocrx_word' id='word_1_93' title='bbox 1557 681 1644 733; x_wconf 83' lang='lat' dir='ltr'><strong>feu,</strong></span> 
     </span>
     <span class='ocr_line' id='line_1_9' title="bbox 68 725 1647 798; baseline 0.016 -35"><span class='ocrx_word' id='word_1_94' title='bbox 68 736 193 778; x_wconf 83' lang='lat' dir='ltr'><strong>parce</strong></span> <span class='ocrx_word' id='word_1_95' title='bbox 213 725 316 778; x_wconf 84' lang='lat' dir='ltr'><strong>qu&#39;il</strong></span> <span class='ocrx_word' id='word_1_96' title='bbox 335 727 441 768; x_wconf 92' lang='lat' dir='ltr'><strong>rend</strong></span> <span class='ocrx_word' id='word_1_97' title='bbox 462 730 756 781; x_wconf 81' lang='lat' dir='ltr'><strong>pare-illement</strong></span> <span class='ocrx_word' id='word_1_98' title='bbox 775 734 942 775; x_wconf 87' lang='lat' dir='ltr'><strong>ardents</strong></span> <span class='ocrx_word' id='word_1_99' title='bbox 962 739 1005 777; x_wconf 88' lang='lat' dir='ltr'><strong>et</strong></span> <span class='ocrx_word' id='word_1_100' title='bbox 1024 738 1214 790; x_wconf 80' lang='lat' dir='ltr'><strong>parlants</strong></span> <span class='ocrx_word' id='word_1_101' title='bbox 1235 745 1327 782; x_wconf 89' lang='lat' dir='ltr'><strong>tous</strong></span> <span class='ocrx_word' id='word_1_102' title='bbox 1359 756 1462 784; x_wconf 87' lang='lat' dir='ltr'><strong>ceux</strong></span> <span class='ocrx_word' id='word_1_103' title='bbox 1493 746 1596 798; x_wconf 87' lang='lat' dir='ltr'><strong>qu’il</strong></span> <span class='ocrx_word' id='word_1_104' title='bbox 1620 760 1647 788; x_wconf 81' lang='lat' dir='ltr'><strong>a</strong></span> 
     </span>
     <span class='ocr_line' id='line_1_10' title="bbox 0 790 1646 863; baseline 0.016 -36"><span class='ocrx_word' id='word_1_105' title='bbox 0 806 6 838; x_wconf 60' lang='grc' dir='ltr'>γ</span> <span class='ocrx_word' id='word_1_106' title='bbox 67 790 253 843; x_wconf 68' lang='lat' dir='ltr'><strong>templis.</strong></span> <span class='ocrx_word' id='word_1_107' title='bbox 274 792 350 832; x_wconf 89' lang='lat' dir='ltr'><strong>Les</strong></span> <span class='ocrx_word' id='word_1_108' title='bbox 370 793 572 835; x_wconf 85' lang='lat' dir='ltr'><strong>Docteurs</strong></span> <span class='ocrx_word' id='word_1_109' title='bbox 594 800 668 837; x_wconf 87' lang='lat' dir='ltr'><strong>ont</strong></span> <span class='ocrx_word' id='word_1_110' title='bbox 687 797 759 838; x_wconf 87' lang='lat' dir='ltr'><strong>des</strong></span> <span class='ocrx_word' id='word_1_111' title='bbox 781 799 959 852; x_wconf 84' lang='lat' dir='ltr'><strong>langues</strong></span> <span class='ocrx_word' id='word_1_112' title='bbox 979 802 1031 843; x_wconf 89' lang='lat' dir='ltr'><strong>de</strong></span> <span class='ocrx_word' id='word_1_113' title='bbox 1054 804 1140 854; x_wconf 76' lang='lat' dir='ltr'><strong>teu,</strong></span> <span class='ocrx_word' id='word_1_114' title='bbox 1155 818 1278 858; x_wconf 82' lang='lat' dir='ltr'><strong>parce</strong></span> <span class='ocrx_word' id='word_1_115' title='bbox 1300 808 1422 860; x_wconf 83' lang='lat' dir='ltr'><strong>qu&#39;ils</strong></span> <span class='ocrx_word' id='word_1_116' title='bbox 1443 811 1646 863; x_wconf 78' lang='lat' dir='ltr'><strong>prechent</strong></span> 
     </span>
     <span class='ocr_line' id='line_1_11' title="bbox 0 849 1644 920; baseline 0.016 -27"><span class='ocrx_word' id='word_1_117' title='bbox 0 849 10 863; x_wconf 81' lang='lat'><em>&#39;</em></span> <span class='ocrx_word' id='word_1_118' title='bbox 65 853 247 896; x_wconf 87' lang='lat' dir='ltr'><strong>l’amour</strong></span> <span class='ocrx_word' id='word_1_119' title='bbox 267 856 318 897; x_wconf 91' lang='lat' dir='ltr'><strong>de</strong></span> <span class='ocrx_word' id='word_1_120' title='bbox 337 858 441 898; x_wconf 90' lang='lat' dir='ltr'><strong>Dieu</strong></span> <span class='ocrx_word' id='word_1_121' title='bbox 462 862 505 900; x_wconf 86' lang='lat' dir='ltr'><strong>et</strong></span> <span class='ocrx_word' id='word_1_122' title='bbox 537 861 814 904; x_wconf 79' lang='lat' dir='ltr'><strong>enflamment</strong></span> <span class='ocrx_word' id='word_1_123' title='bbox 833 865 872 905; x_wconf 87' lang='lat' dir='ltr'><strong>le</strong></span> <span class='ocrx_word' id='word_1_124' title='bbox 893 879 1030 908; x_wconf 83' lang='lat' dir='ltr'><strong>coeurs</strong></span> <span class='ocrx_word' id='word_1_125' title='bbox 1049 868 1100 909; x_wconf 93' lang='lat' dir='ltr'><strong>de</strong></span> <span class='ocrx_word' id='word_1_126' title='bbox 1118 870 1230 911; x_wconf 91' lang='lat' dir='ltr'><strong>leurs</strong></span> <span class='ocrx_word' id='word_1_127' title='bbox 1250 873 1479 916; x_wconf 83' lang='lat' dir='ltr'><strong>auditeurs.</strong></span> <span class='ocrx_word' id='word_1_128' title='bbox 1514 876 1550 918; x_wconf 92' lang='lat'><strong>11</strong></span> <span class='ocrx_word' id='word_1_129' title='bbox 1580 883 1644 920; x_wconf 82' lang='lat' dir='ltr'><strong>est</strong></span> 
     </span>
     <span class='ocr_line' id='line_1_12' title="bbox 65 920 1643 988; baseline 0.015 -27.011"><span class='ocrx_word' id='word_1_130' title='bbox 65 920 230 971; x_wconf 87' lang='lat' dir='ltr'><strong>oiseux,</strong></span> <span class='ocrx_word' id='word_1_131' title='bbox 253 934 304 964; x_wconf 88' lang='lat' dir='ltr'><strong>en</strong></span> <span class='ocrx_word' id='word_1_132' title='bbox 326 923 440 974; x_wconf 69' lang='lat' dir='ltr'><strong>ciret,</strong></span> <span class='ocrx_word' id='word_1_133' title='bbox 464 925 502 966; x_wconf 89' lang='grc'><strong>18</strong></span> <span class='ocrx_word' id='word_1_134' title='bbox 524 926 709 968; x_wconf 83' lang='lat' dir='ltr'>discours</span> <span class='ocrx_word' id='word_1_135' title='bbox 729 929 783 970; x_wconf 90' lang='lat' dir='ltr'><strong>du</strong></span> <span class='ocrx_word' id='word_1_136' title='bbox 806 931 992 982; x_wconf 88' lang='lat' dir='ltr'><strong>docteur,</strong></span> <span class='ocrx_word' id='word_1_137' title='bbox 1014 934 1077 974; x_wconf 89' lang='lat' dir='ltr'><strong>s’il</strong></span> <span class='ocrx_word' id='word_1_138' title='bbox 1098 947 1151 976; x_wconf 91' lang='lat' dir='ltr'><strong>ne</strong></span> <span class='ocrx_word' id='word_1_139' title='bbox 1172 941 1273 988; x_wconf 86' lang='lat' dir='ltr'><strong>peut</strong></span> <span class='ocrx_word' id='word_1_140' title='bbox 1294 940 1451 980; x_wconf 86' lang='lat' dir='ltr'><strong>exciter</strong></span> <span class='ocrx_word' id='word_1_141' title='bbox 1474 941 1643 984; x_wconf 85' lang='lat' dir='ltr'><strong>l&#39;incen-</strong></span> 
     </span>
     <span class='ocr_line' id='line_1_13' title="bbox 0 985 1642 1056; baseline 0.016 -33"><span class='ocrx_word' id='word_1_142' title='bbox 0 990 21 1021; x_wconf 86' lang='grc'><strong>·.’</strong></span> <span class='ocrx_word' id='word_1_143' title='bbox 66 985 134 1026; x_wconf 82' lang='grc'><strong>(118</strong></span> <span class='ocrx_word' id='word_1_144' title='bbox 151 986 358 1029; x_wconf 82' lang='lat' dir='ltr'><strong>d‘amour.</strong></span> <span class='ocrx_word' id='word_1_145' title='bbox 380 988 434 1030; x_wconf 91' lang='lat' dir='ltr'><strong>lls</strong></span> <span class='ocrx_word' id='word_1_146' title='bbox 454 991 624 1032; x_wconf 81' lang='lat' dir='ltr'><strong>avaient</strong></span> <span class='ocrx_word' id='word_1_147' title='bbox 659 1006 754 1046; x_wconf 62' lang='lat' dir='ltr'><strong>recu</strong></span> <span class='ocrx_word' id='word_1_148' title='bbox 788 999 854 1036; x_wconf 88' lang='lat' dir='ltr'><strong>cet</strong></span> <span class='ocrx_word' id='word_1_149' title='bbox 887 997 1079 1040; x_wconf 82' lang='lat' dir='ltr'><strong>incendic</strong></span> <span class='ocrx_word' id='word_1_150' title='bbox 1111 1001 1162 1042; x_wconf 89' lang='lat' dir='ltr'><strong>de</strong></span> <span class='ocrx_word' id='word_1_151' title='bbox 1194 1002 1235 1042; x_wconf 84' lang='lat' dir='ltr'><strong>la</strong></span> <span class='ocrx_word' id='word_1_152' title='bbox 1265 1003 1469 1056; x_wconf 81' lang='lat' dir='ltr'><strong>doctrine,</strong></span> <span class='ocrx_word' id='word_1_153' title='bbox 1511 1008 1563 1050; x_wconf 88' lang='lat' dir='ltr'><strong>de</strong></span> <span class='ocrx_word' id='word_1_154' title='bbox 1600 1009 1642 1051; x_wconf 81' lang='grc'><strong>18</strong></span> 
     </span>
     <span class='ocr_line' id='line_1_14' title="bbox 4 1050 1640 1116; baseline 0.016 -26"><span class='ocrx_word' id='word_1_155' title='bbox 4 1053 11 1062; x_wconf 84' lang='grc'>’</span> <span class='ocrx_word' id='word_1_156' title='bbox 63 1050 225 1093; x_wconf 83' lang='lat' dir='ltr'><strong>bouche</strong></span> <span class='ocrx_word' id='word_1_157' title='bbox 246 1054 382 1095; x_wconf 74' lang='lat' dir='ltr'><strong>meme</strong></span> <span class='ocrx_word' id='word_1_158' title='bbox 401 1055 452 1096; x_wconf 91' lang='lat' dir='ltr'><strong>de</strong></span> <span class='ocrx_word' id='word_1_159' title='bbox 473 1057 514 1096; x_wconf 88' lang='grc'><strong>18</strong></span> <span class='ocrx_word' id='word_1_160' title='bbox 532 1058 678 1109; x_wconf 81' lang='lat' dir='ltr'><strong>verite,</strong></span> <span class='ocrx_word' id='word_1_161' title='bbox 700 1072 804 1101; x_wconf 84' lang='lat' dir='ltr'><strong>ceux</strong></span> <span class='ocrx_word' id='word_1_162' title='bbox 835 1063 908 1115; x_wconf 90' lang='lat' dir='ltr'><strong>qui</strong></span> <span class='ocrx_word' id='word_1_163' title='bbox 935 1064 1115 1106; x_wconf 84' lang='lat' dir='ltr'><strong>disaient</strong></span> <span class='ocrx_word' id='word_1_164' title='bbox 1137 1078 1147 1106; x_wconf 92' lang='lat'>:</span> <span class='ocrx_word' id='word_1_165' title='bbox 1171 1069 1298 1109; x_wconf 87' lang='lat' dir='ltr'><strong>Notre</strong></span> <span class='ocrx_word' id='word_1_166' title='bbox 1331 1083 1447 1111; x_wconf 85' lang='lat' dir='ltr'><strong>coeur</strong></span> <span class='ocrx_word' id='word_1_167' title='bbox 1479 1072 1640 1116; x_wconf 79' lang='lat' dir='ltr'><strong>n&#39;etait·</strong></span> 
     </span>
     <span class='ocr_line' id='line_1_15' title="bbox 63 1115 1632 1186; baseline 0.016 -31"><span class='ocrx_word' id='word_1_168' title='bbox 63 1115 96 1156; x_wconf 79' lang='lat' dir='ltr'><strong>il</strong></span> <span class='ocrx_word' id='word_1_169' title='bbox 113 1129 186 1169; x_wconf 87' lang='lat' dir='ltr'><strong>pas</strong></span> <span class='ocrx_word' id='word_1_170' title='bbox 205 1117 376 1160; x_wconf 72' lang='lat' dir='ltr'><strong>hrotam</strong></span> <span class='ocrx_word' id='word_1_171' title='bbox 395 1132 448 1161; x_wconf 86' lang='lat' dir='ltr'><strong>au</strong></span> <span class='ocrx_word' id='word_1_172' title='bbox 469 1121 624 1162; x_wconf 81' lang='lat' dir='ltr'><strong>dedans</strong></span> <span class='ocrx_word' id='word_1_173' title='bbox 644 1124 694 1164; x_wconf 90' lang='lat' dir='ltr'><strong>de</strong></span> <span class='ocrx_word' id='word_1_174' title='bbox 714 1138 834 1175; x_wconf 88' lang='lat' dir='ltr'><strong>nous,</strong></span> <span class='ocrx_word' id='word_1_175' title='bbox 857 1129 995 1168; x_wconf 80' lang='lat' dir='ltr'><strong>tondis</strong></span> <span class='ocrx_word' id='word_1_176' title='bbox 1015 1131 1118 1182; x_wconf 87' lang='lat' dir='ltr'><strong>qu’il</strong></span> <span class='ocrx_word' id='word_1_177' title='bbox 1150 1144 1257 1173; x_wconf 92' lang='lat' dir='ltr'><strong>nous</strong></span> <span class='ocrx_word' id='word_1_178' title='bbox 1276 1137 1429 1186; x_wconf 79' lang='lat' dir='ltr'><strong>partait</strong></span> <span class='ocrx_word' id='word_1_179' title='bbox 1456 1137 1560 1179; x_wconf 86' lang='lat' dir='ltr'><strong>dans</strong></span> <span class='ocrx_word' id='word_1_180' title='bbox 1591 1139 1632 1181; x_wconf 85' lang='lat' dir='ltr'><strong>le</strong></span> 
     </span>
     <span class='ocr_line' id='line_1_16' title="bbox 63 1181 1636 1257; baseline 0.016 -36"><span class='ocrx_word' id='word_1_181' title='bbox 63 1181 230 1223; x_wconf 77' lang='lat' dir='ltr'><strong>chemin</strong></span> <span class='ocrx_word' id='word_1_182' title='bbox 252 1187 293 1223; x_wconf 89' lang='lat' dir='ltr'><strong>et</strong></span> <span class='ocrx_word' id='word_1_183' title='bbox 314 1197 419 1225; x_wconf 89' lang='lat' dir='ltr'><strong>nous</strong></span> <span class='ocrx_word' id='word_1_184' title='bbox 432 1186 666 1240; x_wconf 86' lang='lat' dir='ltr'><strong>expliquait</strong></span> <span class='ocrx_word' id='word_1_185' title='bbox 680 1189 737 1230; x_wconf 88' lang='lat' dir='ltr'><strong>les</strong></span> <span class='ocrx_word' id='word_1_186' title='bbox 751 1192 962 1234; x_wconf 81' lang='lat' dir='ltr'><strong>Ecritures</strong></span> <span class='ocrx_word' id='word_1_187' title='bbox 975 1194 993 1234; x_wconf 83' lang='lat' dir='ltr'><strong>‘I</strong></span> <span class='ocrx_word' id='word_1_188' title='bbox 1010 1195 1092 1248; x_wconf 78' lang='lat'>(30⁶</span> <span class='ocrx_word' id='word_1_189' title='bbox 1106 1196 1285 1238; x_wconf 61' lang='lat' dir='ltr'><strong>Homeme</strong></span> <span class='ocrx_word' id='word_1_190' title='bbox 1298 1213 1368 1241; x_wconf 82' lang='lat' dir='ltr'><strong>sur</strong></span> <span class='ocrx_word' id='word_1_191' title='bbox 1382 1201 1434 1241; x_wconf 80' lang='lat' dir='ltr'><strong>les</strong></span> <span class='ocrx_word' id='word_1_192' title='bbox 1447 1202 1636 1257; x_wconf 76' lang='lat' dir='ltr'><strong>Evanqi-</strong></span> 
     </span>
     <span class='ocr_line' id='line_1_17' title="bbox 62 1246 1637 1316; baseline 0.016 -30"><span class='ocrx_word' id='word_1_193' title='bbox 62 1246 147 1301; x_wconf 83' lang='lat' dir='ltr'><strong>les.)</strong></span> <span class='ocrx_word' id='word_1_194' title='bbox 175 1263 193 1285; x_wconf 82' lang='grc'>»</span> <span class='ocrx_word' id='word_1_195' title='bbox 214 1249 277 1289; x_wconf 83' lang='lat' dir='ltr'><strong>En</strong></span> <span class='ocrx_word' id='word_1_196' title='bbox 304 1253 440 1301; x_wconf 85' lang='lat' dir='ltr'><strong>outre,</strong></span> <span class='ocrx_word' id='word_1_197' title='bbox 461 1251 521 1292; x_wconf 89' lang='lat' dir='ltr'><strong>les</strong></span> <span class='ocrx_word' id='word_1_198' title='bbox 552 1252 731 1305; x_wconf 84' lang='lat' dir='ltr'><strong>langues</strong></span> <span class='ocrx_word' id='word_1_199' title='bbox 764 1257 814 1297; x_wconf 90' lang='lat' dir='ltr'><strong>de</strong></span> <span class='ocrx_word' id='word_1_200' title='bbox 846 1258 932 1306; x_wconf 85' lang='lat' dir='ltr'><strong>feu,</strong></span> <span class='ocrx_word' id='word_1_201' title='bbox 966 1261 1053 1312; x_wconf 88' lang='lat' dir='ltr'><strong>qui,</strong></span> <span class='ocrx_word' id='word_1_202' title='bbox 1089 1274 1132 1302; x_wconf 92' lang='lat' dir='ltr'><strong>se</strong></span> <span class='ocrx_word' id='word_1_203' title='bbox 1164 1263 1412 1316; x_wconf 75' lang='lat' dir='ltr'><strong>dispersam,</strong></span> <span class='ocrx_word' id='word_1_204' title='bbox 1444 1267 1637 1311; x_wconf 55' lang='grc' dir='ltr'><strong>ἔοι-1818-</strong></span> 
     </span>
     <span class='ocr_line' id='line_1_18' title="bbox 62 1314 1636 1382; baseline 0.015 -30"><span class='ocrx_word' id='word_1_205' title='bbox 62 1316 159 1354; x_wconf 86' lang='lat' dir='ltr'><strong>rent</strong></span> <span class='ocrx_word' id='word_1_206' title='bbox 181 1325 253 1353; x_wconf 83' lang='lat' dir='ltr'><strong>sur</strong></span> <span class='ocrx_word' id='word_1_207' title='bbox 285 1314 327 1354; x_wconf 84' lang='lat' dir='ltr'><strong>la</strong></span> <span class='ocrx_word' id='word_1_208' title='bbox 357 1315 441 1356; x_wconf 76' lang='lat' dir='ltr'><strong>tete</strong></span> <span class='ocrx_word' id='word_1_209' title='bbox 463 1317 514 1357; x_wconf 91' lang='lat' dir='ltr'><strong>de</strong></span> <span class='ocrx_word' id='word_1_210' title='bbox 545 1318 707 1372; x_wconf 82' lang='lat' dir='ltr'><strong>chaque</strong></span> <span class='ocrx_word' id='word_1_211' title='bbox 739 1323 901 1374; x_wconf 77' lang='lat' dir='ltr'><strong>apotre,</strong></span> <span class='ocrx_word' id='word_1_212' title='bbox 931 1324 1024 1364; x_wconf 89' lang='lat' dir='ltr'><strong>leur</strong></span> <span class='ocrx_word' id='word_1_213' title='bbox 1055 1330 1450 1382; x_wconf 74' lang='lat' dir='ltr'><strong>communiquerent</strong></span> <span class='ocrx_word' id='word_1_214' title='bbox 1481 1334 1520 1374; x_wconf 92' lang='grc'><strong>18</strong></span> <span class='ocrx_word' id='word_1_215' title='bbox 1551 1334 1636 1376; x_wconf 84' lang='grc'><strong>(1011</strong></span> 
     </span>
     <span class='ocr_line' id='line_1_19' title="bbox 59 1377 1636 1443; baseline 0.016 -27"><span class='ocrx_word' id='word_1_216' title='bbox 59 1377 132 1417; x_wconf 83' lang='grc'><strong>(185</strong></span> <span class='ocrx_word' id='word_1_217' title='bbox 151 1377 329 1430; x_wconf 82' lang='lat' dir='ltr'><strong>langues</strong></span> <span class='ocrx_word' id='word_1_218' title='bbox 348 1393 454 1433; x_wconf 86' lang='lat' dir='ltr'><strong>pour</strong></span> <span class='ocrx_word' id='word_1_219' title='bbox 472 1383 648 1434; x_wconf 81' lang='lat' dir='ltr'><strong>pouvoir</strong></span> <span class='ocrx_word' id='word_1_220' title='bbox 674 1385 854 1427; x_wconf 85' lang='lat' dir='ltr'><strong>aborder</strong></span> <span class='ocrx_word' id='word_1_221' title='bbox 886 1391 1021 1430; x_wconf 87' lang='lat' dir='ltr'><strong>tontes</strong></span> <span class='ocrx_word' id='word_1_222' title='bbox 1052 1390 1112 1431; x_wconf 91' lang='lat' dir='ltr'><strong>les</strong></span> <span class='ocrx_word' id='word_1_223' title='bbox 1142 1394 1325 1443; x_wconf 79' lang='lat' dir='ltr'><strong>nations,</strong></span> <span class='ocrx_word' id='word_1_224' title='bbox 1360 1401 1401 1438; x_wconf 88' lang='lat' dir='ltr'><strong>et</strong></span> <span class='ocrx_word' id='word_1_225' title='bbox 1433 1399 1543 1440; x_wconf 82' lang='lat' dir='ltr'><strong>ainsi</strong></span> <span class='ocrx_word' id='word_1_226' title='bbox 1575 1401 1636 1442; x_wconf 76' lang='lat' dir='ltr'><strong>les</strong></span> 
     </span>
     <span class='ocr_line' id='line_1_20' title="bbox 58 1441 1633 1513; baseline 0.017 -32"><span class='ocrx_word' id='word_1_227' title='bbox 58 1441 239 1495; x_wconf 82' lang='lat' dir='ltr'><strong>langues</strong></span> <span class='ocrx_word' id='word_1_228' title='bbox 259 1445 511 1498; x_wconf 78' lang='lat' dir='ltr'><strong>multiplices</strong></span> <span class='ocrx_word' id='word_1_229' title='bbox 531 1448 787 1501; x_wconf 82' lang='lat' dir='ltr'><strong>signisiaient</strong></span> <span class='ocrx_word' id='word_1_230' title='bbox 808 1453 847 1493; x_wconf 85' lang='lat' dir='ltr'><strong>la</strong></span> <span class='ocrx_word' id='word_1_231' title='bbox 868 1455 1135 1508; x_wconf 70' lang='lat' dir='ltr'><strong>multiplic-ite</strong></span> <span class='ocrx_word' id='word_1_232' title='bbox 1155 1459 1227 1500; x_wconf 87' lang='lat' dir='ltr'><strong>des</strong></span> <span class='ocrx_word' id='word_1_233' title='bbox 1250 1462 1428 1513; x_wconf 83' lang='lat' dir='ltr'><strong>langues</strong></span> <span class='ocrx_word' id='word_1_234' title='bbox 1447 1465 1520 1505; x_wconf 91' lang='lat' dir='ltr'><strong>des</strong></span> <span class='ocrx_word' id='word_1_235' title='bbox 1549 1467 1633 1508; x_wconf 77' lang='lat' dir='ltr'><strong>Na-</strong></span> 
     </span>
     <span class='ocr_line' id='line_1_21' title="bbox 57 1507 1634 1574; baseline 0.016 -27"><span class='ocrx_word' id='word_1_236' title='bbox 57 1507 184 1557; x_wconf 87' lang='lat' dir='ltr'><strong>tions,</strong></span> <span class='ocrx_word' id='word_1_237' title='bbox 207 1509 307 1550; x_wconf 88' lang='lat' dir='ltr'><strong>dont</strong></span> <span class='ocrx_word' id='word_1_238' title='bbox 326 1511 363 1551; x_wconf 93' lang='lat' dir='ltr'><strong>le</strong></span> <span class='ocrx_word' id='word_1_239' title='bbox 395 1512 671 1567; x_wconf 85' lang='lat' dir='ltr'><strong>Saint-Esprit</strong></span> <span class='ocrx_word' id='word_1_240' title='bbox 703 1515 795 1556; x_wconf 88' lang='lat' dir='ltr'><strong>leur</strong></span> <span class='ocrx_word' id='word_1_241' title='bbox 824 1522 1160 1574; x_wconf 87' lang='lat' dir='ltr'><strong>communiquait</strong></span> <span class='ocrx_word' id='word_1_242' title='bbox 1192 1524 1232 1565; x_wconf 84' lang='grc'><strong>18</strong></span> <span class='ocrx_word' id='word_1_243' title='bbox 1263 1528 1561 1571; x_wconf 82' lang='lat' dir='ltr'><strong>connaissance</strong></span> <span class='ocrx_word' id='word_1_244' title='bbox 1590 1534 1634 1573; x_wconf 88' lang='lat' dir='ltr'><strong>et</strong></span> 
     </span>
    </p>

    <p class='ocr_par' dir='ltr' id='par_1_3' title="bbox 0 1571 1627 2040">
     <span class='ocr_line' id='line_1_22' title="bbox 0 1571 232 1627; baseline 0.013 -16"><span class='ocrx_word' id='word_1_245' title='bbox 0 1622 1 1627; x_wconf 11' lang='grc' dir='ltr'><strong>Ἰ</strong></span> <span class='ocrx_word' id='word_1_246' title='bbox 56 1571 232 1626; x_wconf 83' lang='lat' dir='ltr'><strong>l&#39;nsage.</strong></span> 
     </span>
     <span class='ocr_line' id='line_1_23' title="bbox 109 1639 1622 1713; baseline 0.017 -35"><span class='ocrx_word' id='word_1_247' title='bbox 109 1639 179 1688; x_wconf 89' lang='lat' dir='ltr'><strong>Or,</strong></span> <span class='ocrx_word' id='word_1_248' title='bbox 202 1639 408 1692; x_wconf 87' lang='lat' dir='ltr'><strong>plusieurs</strong></span> <span class='ocrx_word' id='word_1_249' title='bbox 428 1642 627 1684; x_wconf 76' lang='lat' dir='ltr'><strong>ecrivnins</strong></span> <span class='ocrx_word' id='word_1_250' title='bbox 656 1651 871 1700; x_wconf 82' lang='lat' dir='ltr'><strong>comptent</strong></span> <span class='ocrx_word' id='word_1_251' title='bbox 904 1652 1005 1690; x_wconf 86' lang='lat' dir='ltr'><strong>trois</strong></span> <span class='ocrx_word' id='word_1_252' title='bbox 1036 1655 1227 1695; x_wconf 82' lang='lat' dir='ltr'><strong>cent-dix</strong></span> <span class='ocrx_word' id='word_1_253' title='bbox 1260 1656 1439 1709; x_wconf 80' lang='lat' dir='ltr'><strong>langues</strong></span> <span class='ocrx_word' id='word_1_254' title='bbox 1471 1661 1622 1713; x_wconf 90' lang='lat' dir='ltr'><strong>primi-</strong></span> 
     </span>
     <span class='ocr_line' id='line_1_24' title="bbox 53 1702 1627 1770; baseline 0.017 -27"><span class='ocrx_word' id='word_1_255' title='bbox 53 1702 176 1753; x_wconf 82' lang='lat' dir='ltr'><strong>tives,</strong></span> <span class='ocrx_word' id='word_1_256' title='bbox 209 1707 252 1745; x_wconf 88' lang='lat' dir='ltr'><strong>et</strong></span> <span class='ocrx_word' id='word_1_257' title='bbox 288 1705 338 1744; x_wconf 85' lang='lat' dir='ltr'><strong>its</strong></span> <span class='ocrx_word' id='word_1_258' title='bbox 371 1712 547 1758; x_wconf 89' lang='lat' dir='ltr'><strong>pensent</strong></span> <span class='ocrx_word' id='word_1_259' title='bbox 586 1710 687 1762; x_wconf 86' lang='lat' dir='ltr'><strong>qn‘il</strong></span> <span class='ocrx_word' id='word_1_260' title='bbox 729 1725 755 1764; x_wconf 90' lang='lat' dir='ltr'>y</span> <span class='ocrx_word' id='word_1_261' title='bbox 795 1725 846 1753; x_wconf 90' lang='lat' dir='ltr'><strong>en</strong></span> <span class='ocrx_word' id='word_1_262' title='bbox 887 1719 960 1755; x_wconf 87' lang='lat' dir='ltr'><strong>eut</strong></span> <span class='ocrx_word' id='word_1_263' title='bbox 993 1718 1280 1763; x_wconf 81' lang='lat' dir='ltr'><strong>soixante-dix</strong></span> <span class='ocrx_word' id='word_1_264' title='bbox 1319 1724 1506 1766; x_wconf 77' lang='lat' dir='ltr'><strong>donnees</strong></span> <span class='ocrx_word' id='word_1_265' title='bbox 1541 1739 1627 1770; x_wconf 81' lang='lat' dir='ltr'><strong>aux</strong></span> 
     </span>
     <span class='ocr_line' id='line_1_25' title="bbox 18 1767 1626 1833; baseline 0.017 -27"><span class='ocrx_word' id='word_1_266' title='bbox 18 1795 20 1797; x_wconf 91' lang='lat'>-</span> <span class='ocrx_word' id='word_1_267' title='bbox 54 1767 334 1810; x_wconf 81' lang='lat' dir='ltr'><strong>soixante-dix</strong></span> <span class='ocrx_word' id='word_1_268' title='bbox 353 1771 533 1813; x_wconf 87' lang='lat' dir='ltr'><strong>familles</strong></span> <span class='ocrx_word' id='word_1_269' title='bbox 552 1774 684 1816; x_wconf 88' lang='lat' dir='ltr'><strong>issues</strong></span> <span class='ocrx_word' id='word_1_270' title='bbox 705 1778 755 1817; x_wconf 83' lang='lat' dir='ltr'><strong>de</strong></span> <span class='ocrx_word' id='word_1_271' title='bbox 778 1780 864 1819; x_wconf 81' lang='lat' dir='ltr'><strong>Noe</strong></span> <span class='ocrx_word' id='word_1_272' title='bbox 886 1782 959 1833; x_wconf 90' lang='lat' dir='ltr'><strong>qui</strong></span> <span class='ocrx_word' id='word_1_273' title='bbox 978 1795 1021 1821; x_wconf 89' lang='grc'><strong>58</strong></span> <span class='ocrx_word' id='word_1_274' title='bbox 1050 1784 1280 1826; x_wconf 77' lang='lat' dir='ltr'><strong>diviserent</strong></span> <span class='ocrx_word' id='word_1_275' title='bbox 1300 1790 1324 1827; x_wconf 75' lang='grc'><strong>8</strong></span> <span class='ocrx_word' id='word_1_276' title='bbox 1349 1789 1389 1828; x_wconf 89' lang='grc'><strong>18</strong></span> <span class='ocrx_word' id='word_1_277' title='bbox 1409 1794 1626 1833; x_wconf 76' lang='lat' dir='ltr'><strong>construo-</strong></span> 
     </span>
     <span class='ocr_line' id='line_1_26' title="bbox 22 1833 1616 1909; baseline 0.017 -37"><span class='ocrx_word' id='word_1_278' title='bbox 22 1867 30 1874; x_wconf 86' lang='grc'><em>,</em></span> <span class='ocrx_word' id='word_1_279' title='bbox 53 1833 144 1874; x_wconf 75' lang='lat' dir='ltr'><strong>tion</strong></span> <span class='ocrx_word' id='word_1_280' title='bbox 164 1834 215 1875; x_wconf 91' lang='lat' dir='ltr'><strong>de</strong></span> <span class='ocrx_word' id='word_1_281' title='bbox 235 1834 276 1875; x_wconf 86' lang='lat' dir='ltr'><strong>la</strong></span> <span class='ocrx_word' id='word_1_282' title='bbox 297 1838 391 1876; x_wconf 77' lang='lat' dir='ltr'><strong>tour</strong></span> <span class='ocrx_word' id='word_1_283' title='bbox 410 1837 460 1878; x_wconf 90' lang='lat' dir='ltr'><strong>de</strong></span> <span class='ocrx_word' id='word_1_284' title='bbox 480 1839 623 1891; x_wconf 85' lang='lat' dir='ltr'><strong>Babel,</strong></span> <span class='ocrx_word' id='word_1_285' title='bbox 646 1854 699 1881; x_wconf 86' lang='lat' dir='ltr'><strong>au</strong></span> <span class='ocrx_word' id='word_1_286' title='bbox 721 1849 908 1885; x_wconf 90' lang='lat' dir='ltr'><strong>moment</strong></span> <span class='ocrx_word' id='word_1_287' title='bbox 928 1846 978 1886; x_wconf 92' lang='lat' dir='ltr'><strong>de</strong></span> <span class='ocrx_word' id='word_1_288' title='bbox 999 1848 1040 1887; x_wconf 85' lang='lat' dir='ltr'><strong>la</strong></span> <span class='ocrx_word' id='word_1_289' title='bbox 1060 1851 1281 1892; x_wconf 84' lang='lat' dir='ltr'><strong>confusion</strong></span> <span class='ocrx_word' id='word_1_290' title='bbox 1316 1854 1389 1894; x_wconf 90' lang='lat' dir='ltr'><strong>des</strong></span> <span class='ocrx_word' id='word_1_291' title='bbox 1420 1855 1616 1909; x_wconf 79' lang='lat' dir='ltr'><strong>langues.</strong></span> 
     </span>
     <span class='ocr_line' id='line_1_27' title="bbox 53 1898 1626 1974; baseline 0.017 -37"><span class='ocrx_word' id='word_1_292' title='bbox 53 1898 245 1940; x_wconf 82' lang='lat' dir='ltr'><strong>D&#39;autres</strong></span> <span class='ocrx_word' id='word_1_293' title='bbox 263 1905 437 1953; x_wconf 86' lang='lat' dir='ltr'><strong>pensent</strong></span> <span class='ocrx_word' id='word_1_294' title='bbox 467 1904 568 1956; x_wconf 92' lang='lat' dir='ltr'><strong>qu&#39;il</strong></span> <span class='ocrx_word' id='word_1_295' title='bbox 600 1918 628 1957; x_wconf 84' lang='lat' dir='ltr'><strong>y</strong></span> <span class='ocrx_word' id='word_1_296' title='bbox 659 1919 712 1947; x_wconf 90' lang='lat' dir='ltr'><strong>en</strong></span> <span class='ocrx_word' id='word_1_297' title='bbox 746 1913 817 1948; x_wconf 86' lang='lat' dir='ltr'><strong>eut</strong></span> <span class='ocrx_word' id='word_1_298' title='bbox 852 1911 1084 1952; x_wconf 84' lang='lat' dir='ltr'><strong>seulement</strong></span> <span class='ocrx_word' id='word_1_299' title='bbox 1112 1916 1478 1974; x_wconf 80' lang='lat' dir='ltr'><strong>cinquante-cinq,</strong></span> <span class='ocrx_word' id='word_1_300' title='bbox 1502 1935 1626 1974; x_wconf 83' lang='lat' dir='ltr'><strong>parce</strong></span> 
     </span>
     <span class='ocr_line' id='line_1_28' title="bbox 53 1963 1623 2040; baseline 0.018 -40"><span class='ocrx_word' id='word_1_301' title='bbox 53 1963 157 2015; x_wconf 84' lang='lat' dir='ltr'><strong>qu’il</strong></span> <span class='ocrx_word' id='word_1_302' title='bbox 176 1964 247 2016; x_wconf 87' lang='lat' dir='ltr'><strong>n&#39;y</strong></span> <span class='ocrx_word' id='word_1_303' title='bbox 266 1966 378 2005; x_wconf 79' lang='lat' dir='ltr'><strong>avait</strong></span> <span class='ocrx_word' id='word_1_304' title='bbox 398 1979 479 2019; x_wconf 86' lang='lat' dir='ltr'><strong>que</strong></span> <span class='ocrx_word' id='word_1_305' title='bbox 499 1981 543 2008; x_wconf 86' lang='lat' dir='ltr'><strong>ee</strong></span> <span class='ocrx_word' id='word_1_306' title='bbox 565 1971 740 2012; x_wconf 88' lang='lat' dir='ltr'><strong>nombre</strong></span> <span class='ocrx_word' id='word_1_307' title='bbox 772 1974 823 2014; x_wconf 88' lang='lat' dir='ltr'><strong>de</strong></span> <span class='ocrx_word' id='word_1_308' title='bbox 856 1975 1051 2026; x_wconf 80' lang='lat' dir='ltr'><strong>familles,</strong></span> <span class='ocrx_word' id='word_1_309' title='bbox 1075 1983 1117 2019; x_wconf 90' lang='lat' dir='ltr'><strong>et</strong></span> <span class='ocrx_word' id='word_1_310' title='bbox 1149 1993 1231 2032; x_wconf 90' lang='lat' dir='ltr'><strong>que</strong></span> <span class='ocrx_word' id='word_1_311' title='bbox 1262 1983 1314 2023; x_wconf 88' lang='lat' dir='ltr'><strong>de</strong></span> <span class='ocrx_word' id='word_1_312' title='bbox 1346 1996 1412 2024; x_wconf 90' lang='lat' dir='ltr'><strong>ees</strong></span> <span class='ocrx_word' id='word_1_313' title='bbox 1444 1986 1623 2040; x_wconf 83' lang='lat' dir='ltr'><strong>langues</strong></span> 
     </span>
    </p>
   </div>
   <div class='ocr_carea' id='block_1_3' title="bbox 50 2067 1621 2104">
    <p class='ocr_par' dir='ltr' id='par_1_4' title="bbox 50 2067 1621 2104">
     <span class='ocr_line' id='line_1_29' title="bbox 50 2067 1621 2104; baseline 0.016 -27"><span class='ocrx_word' id='word_1_314' title='bbox 50 2067 1621 2104; x_wconf 42' lang='grc' dir='ltr'><strong>-ᾕἫ</strong></span> 
     </span>
    </p>
   </div>
   <div class='ocr_carea' id='block_1_4' title="bbox 0 2139 819 3039">
    <p class='ocr_par' dir='ltr' id='par_1_5' title="bbox 0 2139 819 2851">
     <span class='ocr_line' id='line_1_30' title="bbox 13 2139 819 2194; baseline 0.011 -17"><span class='ocrx_word' id='word_1_315' title='bbox 13 2174 22 2177; x_wconf 30' lang='lat' dir='ltr'><em>V</em></span> <span class='ocrx_word' id='word_1_316' title='bbox 51 2139 130 2179; x_wconf 78' lang='lat' dir='ltr'><strong>bat.</strong></span> <span class='ocrx_word' id='word_1_317' title='bbox 154 2155 167 2173; x_wconf 75' lang='lat' dir='ltr'>n</span> <span class='ocrx_word' id='word_1_318' title='bbox 198 2142 319 2179; x_wconf 81' lang='lat' dir='ltr'><strong>Patuit</strong></span> <span class='ocrx_word' id='word_1_319' title='bbox 354 2143 389 2180; x_wconf 90' lang='lat' dir='ltr'><strong>id</strong></span> <span class='ocrx_word' id='word_1_320' title='bbox 419 2144 458 2181; x_wconf 87' lang='grc'><strong>111</strong></span> <span class='ocrx_word' id='word_1_321' title='bbox 486 2145 606 2190; x_wconf 66' lang='lat' dir='ltr'><strong>Petu),</strong></span> <span class='ocrx_word' id='word_1_322' title='bbox 629 2149 692 2194; x_wconf 81' lang='lat' dir='ltr'><strong>qui</strong></span> <span class='ocrx_word' id='word_1_323' title='bbox 732 2160 819 2186; x_wconf 91' lang='lat' dir='ltr'><strong>sur-</strong></span> 
     </span>
     <span class='ocr_line' id='line_1_31' title="bbox 49 2189 816 2243; baseline 0.013 -19"><span class='ocrx_word' id='word_1_324' title='bbox 49 2189 149 2225; x_wconf 76' lang='lat' dir='ltr'><strong>rexit</strong></span> <span class='ocrx_word' id='word_1_325' title='bbox 168 2189 208 2226; x_wconf 88' lang='lat' dir='ltr'><strong>in</strong></span> <span class='ocrx_word' id='word_1_326' title='bbox 229 2190 288 2226; x_wconf 88' lang='lat' dir='ltr'><strong>die</strong></span> <span class='ocrx_word' id='word_1_327' title='bbox 308 2191 546 2230; x_wconf 75' lang='lat' dir='ltr'><strong>Pentecostes</strong></span> <span class='ocrx_word' id='word_1_328' title='bbox 567 2197 673 2240; x_wconf 84' lang='lat' dir='ltr'><strong>quasi</strong></span> <span class='ocrx_word' id='word_1_329' title='bbox 703 2197 816 2243; x_wconf 62' lang='lat' dir='ltr'><strong>ignis,</strong></span> 
     </span>
     <span class='ocr_line' id='line_1_32' title="bbox 46 2239 815 2282; baseline 0.012 -9"><span class='ocrx_word' id='word_1_330' title='bbox 46 2239 90 2273; x_wconf 73' lang='lat' dir='ltr'><strong>et</strong></span> <span class='ocrx_word' id='word_1_331' title='bbox 137 2246 271 2274; x_wconf 88' lang='lat' dir='ltr'><strong>omnes</strong></span> <span class='ocrx_word' id='word_1_332' title='bbox 308 2239 502 2276; x_wconf 76' lang='lat' dir='ltr'><strong>audientes</strong></span> <span class='ocrx_word' id='word_1_333' title='bbox 554 2242 815 2282; x_wconf 81' lang='lat' dir='ltr'><strong>inflammavit.</strong></span> 
     </span>
     <span class='ocr_line' id='line_1_33' title="bbox 48 2282 814 2337; baseline 0.013 -18"><span class='ocrx_word' id='word_1_334' title='bbox 48 2282 114 2321; x_wconf 81' lang='lat' dir='ltr'><strong>Sic</strong></span> <span class='ocrx_word' id='word_1_335' title='bbox 133 2288 169 2320; x_wconf 87' lang='lat' dir='ltr'><strong>et</strong></span> <span class='ocrx_word' id='word_1_336' title='bbox 194 2289 270 2321; x_wconf 90' lang='lat' dir='ltr'><strong>toto</strong></span> <span class='ocrx_word' id='word_1_337' title='bbox 303 2286 393 2323; x_wconf 90' lang='lat' dir='ltr'><strong>orbe</strong></span> <span class='ocrx_word' id='word_1_338' title='bbox 425 2287 586 2333; x_wconf 80' lang='lat' dir='ltr'><strong>ignitum</strong></span> <span class='ocrx_word' id='word_1_339' title='bbox 623 2291 814 2337; x_wconf 76' lang='lat' dir='ltr'><strong>eloquium</strong></span> 
     </span>
     <span class='ocr_line' id='line_1_34' title="bbox 46 2330 814 2384; baseline 0.012 -17"><span class='ocrx_word' id='word_1_340' title='bbox 46 2330 204 2368; x_wconf 80' lang='lat' dir='ltr'><strong>Domini</strong></span> <span class='ocrx_word' id='word_1_341' title='bbox 262 2332 575 2372; x_wconf 84' lang='lat' dir='ltr'><strong>circumtulerunt</strong></span> <span class='ocrx_word' id='word_1_342' title='bbox 632 2339 814 2384; x_wconf 76' lang='lat' dir='ltr'><strong>Apostoli,</strong></span> 
     </span>
     <span class='ocr_line' id='line_1_35' title="bbox 44 2379 814 2428; baseline 0.013 -14"><span class='ocrx_word' id='word_1_343' title='bbox 44 2379 159 2425; x_wconf 57' lang='lat' dir='ltr'><strong>*quasi</strong></span> <span class='ocrx_word' id='word_1_344' title='bbox 183 2394 196 2411; x_wconf 71' lang='grc' dir='ltr'><strong>(ι</strong></span> <span class='ocrx_word' id='word_1_345' title='bbox 222 2380 373 2426; x_wconf 78' lang='lat' dir='ltr'><strong>sagittas</strong></span> <span class='ocrx_word' id='word_1_346' title='bbox 410 2384 575 2428; x_wconf 87' lang='lat' dir='ltr'><strong>potentis</strong></span> <span class='ocrx_word' id='word_1_347' title='bbox 612 2392 742 2423; x_wconf 72' lang='lat' dir='ltr'><strong>acutas</strong></span> <span class='ocrx_word' id='word_1_348' title='bbox 780 2393 814 2424; x_wconf 88' lang='lat' dir='ltr'><strong>el</strong></span> 
     </span>
     <span class='ocr_line' id='line_1_36' title="bbox 46 2425 813 2474; baseline 0.012 -12"><span class='ocrx_word' id='word_1_349' title='bbox 46 2425 234 2462; x_wconf 85' lang='lat' dir='ltr'><strong>&#39;carbones</strong></span> <span class='ocrx_word' id='word_1_350' title='bbox 271 2428 529 2474; x_wconf 78' lang='lat' dir='ltr'><strong>desolatorios,</strong></span> <span class='ocrx_word' id='word_1_351' title='bbox 554 2446 567 2463; x_wconf 87' lang='lat'>»</span> <span class='ocrx_word' id='word_1_352' title='bbox 609 2434 653 2468; x_wconf 81' lang='lat' dir='ltr'><strong>ad</strong></span> <span class='ocrx_word' id='word_1_353' title='bbox 703 2436 813 2471; x_wconf 77' lang='lat' dir='ltr'><strong>corda</strong></span> 
     </span>
     <span class='ocr_line' id='line_1_37' title="bbox 48 2471 812 2529; baseline 0.016 -22"><span class='ocrx_word' id='word_1_354' title='bbox 48 2471 294 2510; x_wconf 85' lang='lat' dir='ltr'><strong>inimicorum</strong></span> <span class='ocrx_word' id='word_1_355' title='bbox 339 2475 475 2513; x_wconf 78' lang='lat' dir='ltr'><strong>Christi</strong></span> <span class='ocrx_word' id='word_1_356' title='bbox 525 2478 812 2529; x_wconf 78' lang='lat' dir='ltr'><strong>inflammanda,</strong></span> 
     </span>
     <span class='ocr_line' id='line_1_38' title="bbox 0 2517 811 2566; baseline 0.015 -12"><span class='ocrx_word' id='word_1_357' title='bbox 0 2517 3 2521; x_wconf 80' lang='grc'><strong>“</strong></span> <span class='ocrx_word' id='word_1_358' title='bbox 46 2519 180 2556; x_wconf 90' lang='lat' dir='ltr'><strong>odium</strong></span> <span class='ocrx_word' id='word_1_359' title='bbox 211 2530 341 2557; x_wconf 89' lang='lat' dir='ltr'><strong>eorum</strong></span> <span class='ocrx_word' id='word_1_360' title='bbox 374 2523 414 2559; x_wconf 92' lang='lat' dir='ltr'><strong>in</strong></span> <span class='ocrx_word' id='word_1_361' title='bbox 449 2535 615 2563; x_wconf 81' lang='lat' dir='ltr'><strong>amorem</strong></span> <span class='ocrx_word' id='word_1_362' title='bbox 651 2538 811 2566; x_wconf 85' lang='lat' dir='ltr'><strong>conver-</strong></span> 
     </span>
     <span class='ocr_line' id='line_1_39' title="bbox 50 2568 811 2621; baseline 0.016 -19"><span class='ocrx_word' id='word_1_363' title='bbox 50 2570 185 2603; x_wconf 78' lang='lat' dir='ltr'><strong>tentes,</strong></span> <span class='ocrx_word' id='word_1_364' title='bbox 217 2568 278 2604; x_wconf 91' lang='lat' dir='ltr'><strong>Sie</strong></span> <span class='ocrx_word' id='word_1_365' title='bbox 309 2569 400 2606; x_wconf 89' lang='lat' dir='ltr'><strong>dicit</strong></span> <span class='ocrx_word' id='word_1_366' title='bbox 426 2577 578 2609; x_wconf 86' lang='lat' dir='ltr'><strong>sanetus</strong></span> <span class='ocrx_word' id='word_1_367' title='bbox 598 2575 811 2621; x_wconf 68' lang='lat' dir='ltr'><strong>Gregorius,</strong></span> 
     </span>
     <span class='ocr_line' id='line_1_40' title="bbox 48 2613 813 2670; baseline 0.016 -21"><span class='ocrx_word' id='word_1_368' title='bbox 48 2613 154 2650; x_wconf 87' lang='lat' dir='ltr'><strong>hom.</strong></span> <span class='ocrx_word' id='word_1_369' title='bbox 179 2615 223 2651; x_wconf 89' lang='grc'><strong>30</strong></span> <span class='ocrx_word' id='word_1_370' title='bbox 244 2615 282 2651; x_wconf 87' lang='grc'><strong>111</strong></span> <span class='ocrx_word' id='word_1_371' title='bbox 302 2615 503 2664; x_wconf 83' lang='lat' dir='ltr'><strong>Evangelia</strong></span> <span class='ocrx_word' id='word_1_372' title='bbox 526 2630 535 2656; x_wconf 87' lang='lat'>:</span> <span class='ocrx_word' id='word_1_373' title='bbox 557 2635 570 2652; x_wconf 90' lang='lat'>«</span> <span class='ocrx_word' id='word_1_374' title='bbox 589 2621 634 2657; x_wconf 91' lang='lat' dir='ltr'><strong>In</strong></span> <span class='ocrx_word' id='word_1_375' title='bbox 674 2623 813 2670; x_wconf 82' lang='lat' dir='ltr'><strong>linguis</strong></span> 
     </span>
     <span class='ocr_line' id='line_1_41' title="bbox 45 2661 812 2714; baseline 0.013 -17"><span class='ocrx_word' id='word_1_376' title='bbox 45 2661 171 2708; x_wconf 77' lang='lat' dir='ltr'><strong>igneis</strong></span> <span class='ocrx_word' id='word_1_377' title='bbox 188 2663 361 2708; x_wconf 83' lang='lat' dir='ltr'><strong>apparuit</strong></span> <span class='ocrx_word' id='word_1_378' title='bbox 380 2665 551 2712; x_wconf 77' lang='lat' dir='ltr'><strong>Spiritus,</strong></span> <span class='ocrx_word' id='word_1_379' title='bbox 574 2669 660 2714; x_wconf 81' lang='lat' dir='ltr'><strong>quia</strong></span> <span class='ocrx_word' id='word_1_380' title='bbox 680 2681 812 2707; x_wconf 75' lang='lat' dir='ltr'><strong>omnes</strong></span> 
     </span>
     <span class='ocr_line' id='line_1_42' title="bbox 44 2710 809 2760; baseline 0.014 -16"><span class='ocrx_word' id='word_1_381' title='bbox 44 2718 141 2756; x_wconf 87' lang='lat' dir='ltr'><strong>quos</strong></span> <span class='ocrx_word' id='word_1_382' title='bbox 154 2710 364 2755; x_wconf 81' lang='lat' dir='ltr'><strong>repleverit,</strong></span> <span class='ocrx_word' id='word_1_383' title='bbox 379 2712 554 2750; x_wconf 80' lang='lat' dir='ltr'><strong>ardentes</strong></span> <span class='ocrx_word' id='word_1_384' title='bbox 567 2716 705 2760; x_wconf 83' lang='lat' dir='ltr'><strong>pariter</strong></span> <span class='ocrx_word' id='word_1_385' title='bbox 725 2719 809 2755; x_wconf 73' lang='lat' dir='ltr'><strong>facit</strong></span> 
     </span>
     <span class='ocr_line' id='line_1_43' title="bbox 40 2756 812 2806; baseline 0.013 -14"><span class='ocrx_word' id='word_1_386' title='bbox 40 2756 304 2803; x_wconf 60' lang='lat' dir='ltr'><strong>alloquentes.</strong></span> <span class='ocrx_word' id='word_1_387' title='bbox 321 2758 479 2806; x_wconf 82' lang='lat' dir='ltr'><strong>Linguas</strong></span> <span class='ocrx_word' id='word_1_388' title='bbox 493 2761 622 2806; x_wconf 83' lang='lat' dir='ltr'><strong>igneas</strong></span> <span class='ocrx_word' id='word_1_389' title='bbox 637 2764 812 2802; x_wconf 80' lang='lat' dir='ltr'><strong>Doctores</strong></span> 
     </span>
     <span class='ocr_line' id='line_1_44' title="bbox 44 2802 809 2851; baseline 0.012 -11"><span class='ocrx_word' id='word_1_390' title='bbox 44 2802 188 2841; x_wconf 78' lang='lat' dir='ltr'><strong>habent</strong></span> <span class='ocrx_word' id='word_1_391' title='bbox 213 2805 318 2851; x_wconf 84' lang='lat' dir='ltr'><strong>quia,</strong></span> <span class='ocrx_word' id='word_1_392' title='bbox 347 2806 437 2843; x_wconf 88' lang='lat' dir='ltr'><strong>dum</strong></span> <span class='ocrx_word' id='word_1_393' title='bbox 462 2808 577 2844; x_wconf 87' lang='lat' dir='ltr'><strong>Deum</strong></span> <span class='ocrx_word' id='word_1_394' title='bbox 604 2812 809 2849; x_wconf 80' lang='lat' dir='ltr'><strong>amandum</strong></span> 
     </span>
    </p>

    <p class='ocr_par' dir='ltr' id='par_1_6' title="bbox 0 2852 808 3039">
     <span class='ocr_line' id='line_1_45' title="bbox 72 2852 808 2897; baseline 0.012 -10"><span class='ocrx_word' id='word_1_395' title='bbox 72 2852 266 2897; x_wconf 81' lang='lat' dir='ltr'><strong>raedicant,</strong></span> <span class='ocrx_word' id='word_1_396' title='bbox 301 2854 414 2890; x_wconf 84' lang='lat' dir='ltr'><strong>corda</strong></span> <span class='ocrx_word' id='word_1_397' title='bbox 462 2856 699 2895; x_wconf 85' lang='lat' dir='ltr'><strong>audientium</strong></span> <span class='ocrx_word' id='word_1_398' title='bbox 747 2861 808 2896; x_wconf 89' lang='lat' dir='ltr'><strong>in—</strong></span> 
     </span>
     <span class='ocr_line' id='line_1_46' title="bbox 0 2900 808 2944; baseline 0.01 -8"><span class='ocrx_word' id='word_1_399' title='bbox 0 2924 2 2936; x_wconf 62' lang='grc'><strong>,</strong></span> <span class='ocrx_word' id='word_1_400' title='bbox 69 2904 254 2942; x_wconf 80' lang='lat' dir='ltr'><strong>ammam,</strong></span> <span class='ocrx_word' id='word_1_401' title='bbox 277 2900 371 2939; x_wconf 78' lang='lat' dir='ltr'><strong>Nam</strong></span> <span class='ocrx_word' id='word_1_402' title='bbox 392 2907 426 2938; x_wconf 87' lang='lat' dir='ltr'><strong>et</strong></span> <span class='ocrx_word' id='word_1_403' title='bbox 446 2902 589 2940; x_wconf 91' lang='lat' dir='ltr'><strong>otiosus</strong></span> <span class='ocrx_word' id='word_1_404' title='bbox 609 2910 665 2941; x_wconf 88' lang='lat' dir='ltr'><strong>est</strong></span> <span class='ocrx_word' id='word_1_405' title='bbox 685 2916 808 2944; x_wconf 88' lang='lat' dir='ltr'><strong>sermo</strong></span> 
     </span>
     <span class='ocr_line' id='line_1_47' title="bbox 31 2940 808 3001; baseline 0.009 -17"><span class='ocrx_word' id='word_1_406' title='bbox 31 2940 228 3001; x_wconf 45' lang='lat' dir='ltr'><strong>Ductori&amp;</strong></span> <span class='ocrx_word' id='word_1_407' title='bbox 247 2948 279 2984; x_wconf 89' lang='lat' dir='ltr'><strong>si</strong></span> <span class='ocrx_word' id='word_1_408' title='bbox 298 2949 466 2994; x_wconf 79' lang='lat' dir='ltr'><strong>praehere</strong></span> <span class='ocrx_word' id='word_1_409' title='bbox 498 2961 575 2987; x_wconf 90' lang='lat' dir='ltr'><strong>non</strong></span> <span class='ocrx_word' id='word_1_410' title='bbox 614 2953 710 2990; x_wconf 84' lang='lat' dir='ltr'><strong>valet</strong></span> <span class='ocrx_word' id='word_1_411' title='bbox 743 2955 808 2992; x_wconf 90' lang='lat' dir='ltr'><strong>in-</strong></span> 
     </span>
     <span class='ocr_line' id='line_1_48' title="bbox 0 2992 807 3039; baseline 0.011 -9"><span class='ocrx_word' id='word_1_412' title='bbox 0 3010 2 3034; x_wconf 70' lang='lat'>÷</span> <span class='ocrx_word' id='word_1_413' title='bbox 30 2992 219 3036; x_wconf 54' lang='lat' dir='ltr'><strong>nandium</strong></span> <span class='ocrx_word' id='word_1_414' title='bbox 239 2996 391 3032; x_wconf 88' lang='lat' dir='ltr'><strong>amoris.</strong></span> <span class='ocrx_word' id='word_1_415' title='bbox 429 2997 506 3035; x_wconf 90' lang='lat' dir='ltr'><strong>lloc</strong></span> <span class='ocrx_word' id='word_1_416' title='bbox 540 2999 807 3039; x_wconf 87' lang='lat' dir='ltr'><strong>doctrinaein-</strong></span> 
     </span>
    </p>
   </div>
   <div class='ocr_carea' id='block_1_5' title="bbox 0 3134 49 3170">
    <p class='ocr_par' dir='ltr' id='par_1_7' title="bbox 0 3134 49 3170">
     <span class='ocr_line' id='line_1_49' title="bbox 0 3134 49 3157; baseline 0.02 -19"><span class='ocrx_word' id='word_1_417' title='bbox 0 3134 49 3157; x_wconf 24' lang='lat' dir='ltr'><strong>&#39;m&#39;</strong></span> 
     </span>
     <span class='ocr_line' id='line_1_50' title="bbox 32 3159 38 3170; baseline 0 0"><span class='ocrx_word' id='word_1_418' title='bbox 32 3159 38 3170; x_wconf 78' lang='grc'><strong>1</strong></span> 
     </span>
    </p>
   </div>
   <div class='ocr_carea' id='block_1_6' title="bbox 847 2153 1624 3017">
    <p class='ocr_par' dir='ltr' id='par_1_8' title="bbox 847 2153 1624 3017">
     <span class='ocr_line' id='line_1_51' title="bbox 858 2153 1623 2202; baseline 0.021 -15"><span class='ocrx_word' id='word_1_419' title='bbox 858 2153 1036 2190; x_wconf 90' lang='lat' dir='ltr'><strong>cendium</strong></span> <span class='ocrx_word' id='word_1_420' title='bbox 1055 2155 1101 2192; x_wconf 86' lang='lat' dir='ltr'><strong>ab</strong></span> <span class='ocrx_word' id='word_1_421' title='bbox 1123 2156 1204 2202; x_wconf 89' lang='lat' dir='ltr'><strong>ipso</strong></span> <span class='ocrx_word' id='word_1_422' title='bbox 1221 2159 1385 2197; x_wconf 83' lang='lat' dir='ltr'><strong>veritatis</strong></span> <span class='ocrx_word' id='word_1_423' title='bbox 1405 2173 1468 2199; x_wconf 92' lang='lat' dir='ltr'><strong>ore</strong></span> <span class='ocrx_word' id='word_1_424' title='bbox 1482 2173 1623 2202; x_wconf 87' lang='lat' dir='ltr'><strong>eonce-</strong></span> 
     </span>
     <span class='ocr_line' id='line_1_52' title="bbox 858 2204 1624 2250; baseline 0.022 -16"><span class='ocrx_word' id='word_1_425' title='bbox 858 2204 1090 2248; x_wconf 65' lang='grc' dir='ltr'><strong>1181881,ᾳυί</strong></span> <span class='ocrx_word' id='word_1_426' title='bbox 1119 2204 1293 2242; x_wconf 79' lang='lat' dir='ltr'><strong>dicebant</strong></span> <span class='ocrx_word' id='word_1_427' title='bbox 1337 2218 1344 2244; x_wconf 89' lang='lat'>:</span> <span class='ocrx_word' id='word_1_428' title='bbox 1387 2209 1521 2248; x_wconf 86' lang='lat' dir='ltr'><strong>Nonne</strong></span> <span class='ocrx_word' id='word_1_429' title='bbox 1558 2222 1624 2250; x_wconf 86' lang='lat' dir='ltr'><strong>cor</strong></span> 
     </span>
     <span class='ocr_line' id='line_1_53' title="bbox 860 2251 1622 2301; baseline 0.02 -19"><span class='ocrx_word' id='word_1_430' title='bbox 860 2253 1031 2285; x_wconf 83' lang='lat' dir='ltr'><strong>nostrum</strong></span> <span class='ocrx_word' id='word_1_431' title='bbox 1048 2251 1185 2287; x_wconf 83' lang='lat' dir='ltr'><strong>ardens</strong></span> <span class='ocrx_word' id='word_1_432' title='bbox 1204 2258 1282 2290; x_wconf 80' lang='lat' dir='ltr'><strong>erat</strong></span> <span class='ocrx_word' id='word_1_433' title='bbox 1308 2255 1346 2291; x_wconf 89' lang='grc'><strong>111</strong></span> <span class='ocrx_word' id='word_1_434' title='bbox 1387 2257 1511 2301; x_wconf 79' lang='lat' dir='ltr'><strong>uobis.</strong></span> <span class='ocrx_word' id='word_1_435' title='bbox 1533 2269 1622 2297; x_wconf 86' lang='lat' dir='ltr'><strong>cum</strong></span> 
     </span>
     <span class='ocr_line' id='line_1_54' title="bbox 856 2294 1621 2354; baseline 0.02 -25"><span class='ocrx_word' id='word_1_436' title='bbox 856 2294 1070 2340; x_wconf 76' lang='lat' dir='ltr'><strong>loqueretur</strong></span> <span class='ocrx_word' id='word_1_437' title='bbox 1090 2298 1130 2334; x_wconf 89' lang='lat' dir='ltr'><strong>in</strong></span> <span class='ocrx_word' id='word_1_438' title='bbox 1151 2300 1223 2344; x_wconf 84' lang='lat' dir='ltr'><strong>via,</strong></span> <span class='ocrx_word' id='word_1_439' title='bbox 1245 2307 1279 2337; x_wconf 87' lang='grc'><strong>81</strong></span> <span class='ocrx_word' id='word_1_440' title='bbox 1308 2305 1468 2349; x_wconf 84' lang='lat' dir='ltr'><strong>aperiret</strong></span> <span class='ocrx_word' id='word_1_441' title='bbox 1492 2307 1621 2354; x_wconf 90' lang='lat' dir='ltr'><strong>Serip-</strong></span> 
     </span>
     <span class='ocr_line' id='line_1_55' title="bbox 856 2346 1619 2400; baseline 0.02 -23"><span class='ocrx_word' id='word_1_442' title='bbox 856 2347 957 2378; x_wconf 75' lang='lat' dir='ltr'><strong>tutas</strong></span> <span class='ocrx_word' id='word_1_443' title='bbox 975 2346 989 2379; x_wconf 73' lang='grc' dir='ltr'><strong><em>Ρ</em></strong></span> <span class='ocrx_word' id='word_1_444' title='bbox 1006 2359 1019 2376; x_wconf 85' lang='lat'>»</span> <span class='ocrx_word' id='word_1_445' title='bbox 1045 2346 1203 2393; x_wconf 87' lang='lat' dir='ltr'><strong>Insuper</strong></span> <span class='ocrx_word' id='word_1_446' title='bbox 1224 2359 1288 2394; x_wconf 83' lang='lat' dir='ltr'><strong>pet·</strong></span> <span class='ocrx_word' id='word_1_447' title='bbox 1310 2350 1456 2396; x_wconf 77' lang='lat' dir='ltr'><strong>linguas</strong></span> <span class='ocrx_word' id='word_1_448' title='bbox 1475 2353 1619 2400; x_wconf 86' lang='lat' dir='ltr'><strong>igneas,</strong></span> 
     </span>
     <span class='ocr_line' id='line_1_56' title="bbox 855 2391 1620 2440; baseline 0.021 -16"><span class='ocrx_word' id='word_1_449' title='bbox 855 2400 937 2435; x_wconf 80' lang='lat' dir='ltr'><strong>quae</strong></span> <span class='ocrx_word' id='word_1_450' title='bbox 975 2391 1180 2438; x_wconf 59' lang='lat' dir='ltr'><strong>dispertitae</strong></span> <span class='ocrx_word' id='word_1_451' title='bbox 1227 2397 1447 2435; x_wconf 77' lang='lat' dir='ltr'><strong>insederunt</strong></span> <span class='ocrx_word' id='word_1_452' title='bbox 1490 2403 1620 2440; x_wconf 85' lang='lat' dir='ltr'><strong>vertici</strong></span> 
     </span>
     <span class='ocr_line' id='line_1_57' title="bbox 855 2438 1620 2495; baseline 0.022 -24"><span class='ocrx_word' id='word_1_453' title='bbox 855 2438 1116 2482; x_wconf 81' lang='lat' dir='ltr'><strong>Apostolorum</strong></span> <span class='ocrx_word' id='word_1_454' title='bbox 1131 2442 1380 2491; x_wconf 80' lang='lat' dir='ltr'><strong>singulorum,</strong></span> <span class='ocrx_word' id='word_1_455' title='bbox 1391 2454 1620 2495; x_wconf 86' lang='lat' dir='ltr'><strong>aeceperunt</strong></span> 
     </span>
     <span class='ocr_line' id='line_1_58' title="bbox 853 2485 1619 2544; baseline 0.021 -25"><span class='ocrx_word' id='word_1_456' title='bbox 853 2485 997 2522; x_wconf 90' lang='lat' dir='ltr'><strong>donum</strong></span> <span class='ocrx_word' id='word_1_457' title='bbox 1019 2487 1248 2533; x_wconf 66' lang='lat' dir='ltr'><strong>linguarum,</strong></span> <span class='ocrx_word' id='word_1_458' title='bbox 1271 2496 1310 2528; x_wconf 85' lang='lat' dir='ltr'><strong>ut</strong></span> <span class='ocrx_word' id='word_1_459' title='bbox 1343 2501 1495 2540; x_wconf 84' lang='lat' dir='ltr'><strong>possent</strong></span> <span class='ocrx_word' id='word_1_460' title='bbox 1527 2507 1619 2544; x_wconf 89' lang='lat' dir='ltr'><strong>pro—</strong></span> 
     </span>
     <span class='ocr_line' id='line_1_59' title="bbox 853 2533 1618 2584; baseline 0.022 -18"><span class='ocrx_word' id='word_1_461' title='bbox 853 2533 957 2576; x_wconf 73' lang='lat' dir='ltr'><strong>gredi</strong></span> <span class='ocrx_word' id='word_1_462' title='bbox 976 2534 1022 2570; x_wconf 80' lang='lat' dir='ltr'><strong>ad</strong></span> <span class='ocrx_word' id='word_1_463' title='bbox 1042 2545 1175 2572; x_wconf 88' lang='lat' dir='ltr'><strong>omnes</strong></span> <span class='ocrx_word' id='word_1_464' title='bbox 1199 2544 1351 2584; x_wconf 45' lang='lat' dir='ltr'><strong>gentem</strong></span> <span class='ocrx_word' id='word_1_465' title='bbox 1374 2542 1502 2584; x_wconf 78' lang='lat' dir='ltr'><strong>sicque</strong></span> <span class='ocrx_word' id='word_1_466' title='bbox 1522 2546 1618 2582; x_wconf 89' lang='lat' dir='ltr'><strong>mul-</strong></span> 
     </span>
     <span class='ocr_line' id='line_1_60' title="bbox 854 2579 1617 2635; baseline 0.024 -22"><span class='ocrx_word' id='word_1_467' title='bbox 854 2579 1000 2624; x_wconf 84' lang='lat' dir='ltr'><strong>tiplices</strong></span> <span class='ocrx_word' id='word_1_468' title='bbox 1028 2582 1167 2629; x_wconf 63' lang='lat' dir='ltr'><strong>linguae</strong></span> <span class='ocrx_word' id='word_1_469' title='bbox 1204 2586 1325 2629; x_wconf 71' lang='lat' dir='ltr'><strong>igneas</strong></span> <span class='ocrx_word' id='word_1_470' title='bbox 1351 2589 1617 2635; x_wconf 74' lang='lat' dir='ltr'><strong>significabant</strong></span> 
     </span>
     <span class='ocr_line' id='line_1_61' title="bbox 852 2627 1615 2686; baseline 0.022 -25"><span class='ocrx_word' id='word_1_471' title='bbox 852 2627 1081 2674; x_wconf 87' lang='lat' dir='ltr'><strong>multiplices</strong></span> <span class='ocrx_word' id='word_1_472' title='bbox 1117 2633 1284 2677; x_wconf 77' lang='lat' dir='ltr'><strong>gentium</strong></span> <span class='ocrx_word' id='word_1_473' title='bbox 1321 2636 1481 2683; x_wconf 79' lang='lat' dir='ltr'><strong>linguas,</strong></span> <span class='ocrx_word' id='word_1_474' title='bbox 1519 2650 1615 2686; x_wconf 81' lang='lat' dir='ltr'><strong>qua-</strong></span> 
     </span>
     <span class='ocr_line' id='line_1_62' title="bbox 852 2677 1614 2725; baseline 0.022 -17"><span class='ocrx_word' id='word_1_475' title='bbox 852 2684 935 2709; x_wconf 87' lang='lat' dir='ltr'><strong>rum</strong></span> <span class='ocrx_word' id='word_1_476' title='bbox 956 2677 1212 2721; x_wconf 80' lang='lat' dir='ltr'><strong>cognitionem</strong></span> <span class='ocrx_word' id='word_1_477' title='bbox 1265 2688 1300 2718; x_wconf 88' lang='lat' dir='ltr'><strong>et</strong></span> <span class='ocrx_word' id='word_1_478' title='bbox 1342 2683 1614 2725; x_wconf 76' lang='lat' dir='ltr'><strong>habitationem</strong></span> 
     </span>
     <span class='ocr_line' id='line_1_63' title="bbox 851 2721 1613 2772; baseline 0.024 -17"><span class='ocrx_word' id='word_1_479' title='bbox 851 2721 905 2756; x_wconf 87' lang='lat' dir='ltr'><strong>eis</strong></span> <span class='ocrx_word' id='word_1_480' title='bbox 930 2722 1090 2768; x_wconf 80' lang='lat' dir='ltr'><strong>Spiritus</strong></span> <span class='ocrx_word' id='word_1_481' title='bbox 1104 2726 1263 2764; x_wconf 85' lang='lat' dir='ltr'><strong>Sanctus</strong></span> <span class='ocrx_word' id='word_1_482' title='bbox 1279 2730 1442 2768; x_wconf 86' lang='lat' dir='ltr'><strong>indebat.</strong></span> <span class='ocrx_word' id='word_1_483' title='bbox 1468 2734 1613 2772; x_wconf 89' lang='lat' dir='ltr'><strong>Nume-</strong></span> 
     </span>
     <span class='ocr_line' id='line_1_64' title="bbox 852 2773 1612 2827; baseline 0.022 -24"><span class='ocrx_word' id='word_1_484' title='bbox 852 2773 981 2806; x_wconf 79' lang='lat' dir='ltr'><strong>rantur</strong></span> <span class='ocrx_word' id='word_1_485' title='bbox 1007 2777 1132 2809; x_wconf 84' lang='lat' dir='ltr'><strong>aulem</strong></span> <span class='ocrx_word' id='word_1_486' title='bbox 1152 2786 1174 2810; x_wconf 86' lang='lat' dir='ltr'><strong>a</strong></span> <span class='ocrx_word' id='word_1_487' title='bbox 1202 2776 1391 2824; x_wconf 81' lang='lat' dir='ltr'><strong>plerisque</strong></span> <span class='ocrx_word' id='word_1_488' title='bbox 1419 2781 1612 2827; x_wconf 77' lang='lat' dir='ltr'><strong>primaevae</strong></span> 
     </span>
     <span class='ocr_line' id='line_1_65' title="bbox 850 2814 1613 2868; baseline 0.022 -18"><span class='ocrx_word' id='word_1_489' title='bbox 850 2814 989 2861; x_wconf 78' lang='lat' dir='ltr'><strong>linguae</strong></span> <span class='ocrx_word' id='word_1_490' title='bbox 1034 2823 1282 2868; x_wconf 79' lang='lat' dir='ltr'><strong>septuaginta,</strong></span> <span class='ocrx_word' id='word_1_491' title='bbox 1322 2830 1374 2862; x_wconf 91' lang='lat' dir='ltr'><strong>tot</strong></span> <span class='ocrx_word' id='word_1_492' title='bbox 1417 2829 1521 2865; x_wconf 90' lang='lat' dir='ltr'><strong>enim</strong></span> <span class='ocrx_word' id='word_1_493' title='bbox 1570 2830 1613 2866; x_wconf 90' lang='lat' dir='ltr'><strong>in</strong></span> 
     </span>
     <span class='ocr_line' id='line_1_66' title="bbox 848 2862 1612 2915; baseline 0.021 -17"><span class='ocrx_word' id='word_1_494' title='bbox 848 2862 1033 2903; x_wconf 88' lang='lat' dir='ltr'><strong>divisione</strong></span> <span class='ocrx_word' id='word_1_495' title='bbox 1052 2867 1267 2915; x_wconf 84' lang='lat' dir='ltr'><strong>linguarum</strong></span> <span class='ocrx_word' id='word_1_496' title='bbox 1287 2872 1328 2909; x_wconf 91' lang='lat' dir='ltr'><strong>in</strong></span> <span class='ocrx_word' id='word_1_497' title='bbox 1342 2874 1485 2912; x_wconf 82' lang='lat' dir='ltr'><strong>fabrica</strong></span> <span class='ocrx_word' id='word_1_498' title='bbox 1500 2878 1612 2913; x_wconf 85' lang='lat' dir='ltr'><strong>turris</strong></span> 
     </span>
     <span class='ocr_line' id='line_1_67' title="bbox 849 2910 1609 2969; baseline 0.022 -24"><span class='ocrx_word' id='word_1_499' title='bbox 849 2910 959 2948; x_wconf 80' lang='lat' dir='ltr'><strong>Babet</strong></span> <span class='ocrx_word' id='word_1_500' title='bbox 979 2913 1136 2952; x_wconf 87' lang='lat' dir='ltr'><strong>totidem</strong></span> <span class='ocrx_word' id='word_1_501' title='bbox 1156 2918 1311 2956; x_wconf 75' lang='lat' dir='ltr'><strong>familiis</strong></span> <span class='ocrx_word' id='word_1_502' title='bbox 1349 2933 1394 2958; x_wconf 82' lang='lat' dir='ltr'><strong>ex</strong></span> <span class='ocrx_word' id='word_1_503' title='bbox 1416 2923 1494 2960; x_wconf 91' lang='lat' dir='ltr'><strong>Noe</strong></span> <span class='ocrx_word' id='word_1_504' title='bbox 1519 2934 1609 2969; x_wconf 87' lang='lat' dir='ltr'><strong>pro-</strong></span> 
     </span>
     <span class='ocr_line' id='line_1_68' title="bbox 847 2959 1612 3017; baseline 0.02 -24"><span class='ocrx_word' id='word_1_505' title='bbox 847 2959 984 3001; x_wconf 72' lang='lat' dir='ltr'><strong>genitis</strong></span> <span class='ocrx_word' id='word_1_506' title='bbox 1002 2961 1142 3000; x_wconf 83' lang='lat' dir='ltr'><strong>inditas</strong></span> <span class='ocrx_word' id='word_1_507' title='bbox 1168 2973 1338 3003; x_wconf 86' lang='lat' dir='ltr'><strong>censent.</strong></span> <span class='ocrx_word' id='word_1_508' title='bbox 1371 2970 1444 3006; x_wconf 82' lang='lat' dir='ltr'><strong>Alii</strong></span> <span class='ocrx_word' id='word_1_509' title='bbox 1478 2975 1612 3017; x_wconf 86' lang='lat' dir='ltr'><strong>putant</strong></span> 
     </span>
    </p>
   </div>
   <div class='ocr_carea' id='block_1_7' title="bbox 817 3005 1612 3056">
    <p class='ocr_par' dir='ltr' id='par_1_9' title="bbox 817 3005 1612 3056">
     <span class='ocr_line' id='line_1_69' title="bbox 817 3005 1612 3056; baseline 0.021 -16"><span class='ocrx_word' id='word_1_510' title='bbox 817 3005 1130 3051; x_wconf 77' lang='lat' dir='ltr'><strong>¹l&#39;uissetantum</strong></span> <span class='ocrx_word' id='word_1_511' title='bbox 1167 3013 1331 3052; x_wconf 82' lang='lat' dir='ltr'><strong>familias</strong></span> <span class='ocrx_word' id='word_1_512' title='bbox 1367 3018 1414 3053; x_wconf 81' lang='lat'><strong>55</strong></span> <span class='ocrx_word' id='word_1_513' title='bbox 1453 3022 1489 3054; x_wconf 86' lang='grc'><strong>81</strong></span> <span class='ocrx_word' id='word_1_514' title='bbox 1520 3028 1612 3056; x_wconf 87' lang='lat' dir='ltr'><strong>con-</strong></span> 
     </span>
    </p>
   </div>
  </div>
 </body>
</html>
