1884 3164
26 4 27 7 ,
119 0 177 58 Ψ.
188 0 198 6 -v
211 0 222 9 r
238 0 262 11 ι·
284 6 289 18 y.
306 10 312 20 δ

25 30 30 46 ι
84 40 89 45 '
107 36 122 56 ’Ὗ
164 42 173 56 ἴ
239 23 252 41 ’1

78 86 80 90 ·
300 83 312 94 ν

331 0 373 36 Le
391 0 430 37 ’ῼῙἾ
450 0 857 62 ’ἵζῖζῖἒᾷὅξζζᾍῗῖῗρἲῒΉ
951 0 1030 36 'hl-'⁷
1084 22 1086 26 ν
1214 0 1253 33 x*
1318 0 1334 36 ⁸,
1399 0 1406 14 ⁵
1438 0 1451 27 -’
1487 0 1626 37 ’··’“,·’»”ψ

448 104 470 145 ·’
492 105 744 173 ‘onai-nme
763 111 985 186 ‘umacus
1012 120 1142 165 unis
1169 119 1340 171 nouesss

130 216 223 268 elle,
240 215 335 269 cela
364 213 454 256 doit
484 212 721 255 s'entendre
752 212 804 254 de
834 214 955 253 toute
985 213 1130 264 espece
1161 213 1214 253 de
1242 212 1390 266 peche,
1409 225 1496 265 ear,
1516 212 1710 268 lorsqu’il

129 281 236 332 viat,
257 280 286 323 i'l
312 282 466 320 trouva
496 277 597 319 chez
627 273 724 318 tous
753 277 806 318 de
835 277 937 331 quoi
968 277 1211 331 reprendre.
1231 277 1352 327 Mais,
1375 277 1406 318 il
1436 284 1537 318 veut
1566 280 1708 332 parler

127 345 428 402 specialement
448 343 505 384 du
525 343 657 397 peche
678 328 986 387 &inci-eduum,
1008 355 1132 395 perce
1162 354 1243 396 que
1262 354 1308 384 ce
1327 342 1522 396 peche-la
1542 347 1710 386 surtout

128 410 231 453 emit
250 392 521 464 &reprendre
541 409 640 450 chez
659 408 720 448 les
738 409 762 450 J
767 409 862 457 uifs,
887 409 959 461 qui
979 408 1286 460 repoussaient,
1308 398 1587 462 attaquflient,
1609 420 1705 461 per·

126 472 360 517 secutaient
378 474 420 514 la
439 474 498 514 foi
519 486 602 527 que
622 474 660 513 le
681 473 819 514 Christ
839 473 931 514 leur
949 473 1153 526 prechait.
1176 473 1312 521 Aussi,
1337 473 1587 526 expliquant
1613 474 1709 527 plus

124 539 200 583 has
217 551 264 581 ce
285 539 384 592 qu'il
406 539 520 579 avait
540 538 636 591 deje
655 539 715 579 dit
737 539 863 579 d’une
890 539 1078 579 muniere
1110 538 1309 590 generale
1333 550 1342 578 :
1365 553 1384 577 (ι
1403 539 1436 579 11
1455 539 1709 580 convaincra

122 605 165 648 le
186 605 340 646 monde
360 605 411 644 (le
431 604 575 657 peche,
590 619 609 641 n
631 604 660 644 il
681 604 823 657 ajoute
845 604 938 657 plus
958 604 1285 657 specialement:
1307 606 1400 644 «De
1419 604 1567 657 peche,
1583 615 1709 658 perce

125 670 250 725 qu'ils
279 670 394 710 n'out
427 670 546 723 point
578 682 651 709 cru
684 682 736 709 en
771 670 872 710 moi.
907 669 1041 722 (Jean.
1075 680 1162 718 Χνι,
1191 669 1285 723 9.)n
1310 670 1426 710 Cette
1458 669 1708 711 incredulite

125 735 353 786 d·aiueurs‚
376 736 404 774 il
426 735 465 774 la
486 735 578 774 lmu-
598 747 622 775 a
642 735 867 788 reprochee
892 738 1070 775 souvent
1085 747 1126 775 :«
1142 735 1187 776 Si
1202 746 1303 774 vous
1321 747 1373 774 ne
1391 746 1539 787 croyez
1559 747 1606 776 ce
1625 747 1709 789 que

120 801 166 855 je
185 802 284 850 suis,
306 813 408 840 vous
427 812 621 841 mourrez
641 801 746 840 dens
766 804 884 840 votre
907 801 1052 853 peche.
1073 799 1202 853 (Jean.
1227 811 1316 847 viu,
1340 799 1426 852 24.)
1441 814 1460 838 »
1484 802 1539 840 Ce
1560 801 1707 853 peche,

123 867 164 908 le
185 866 459 918 Saint-Esprit
480 865 534 905 l'a
555 866 700 918 remis,
725 878 776 905 en
811 870 1030 906 monn-ant
1061 877 1138 918 par
1169 865 1241 904 dos
1273 865 1414 917 signes
1445 865 1648 905 eclatants
1666 869 1709 906 et

123 932 198 973 des
215 931 406 972 miracles
427 943 507 984 que
528 943 620 970 sens
639 931 923 971 Jesus-Christ
944 943 1153 984 personne
1186 943 1239 971 ne
1273 932 1444 984 pouvait
1464 933 1634 984 e‘sperer
1653 930 1706 972 de

122 1008 168 1039 se
187 1009 352 1037 sauver.
377 996 496 1036 Aussi
527 996 806 1036 Jesus-Christ
834 996 896 1036 dit
929 997 1023 1049 plus
1056 996 1129 1035 bas
1161 996 1424 1045 clairement,
1454 1007 1507 1036 en
1540 996 1710 1050 perlant

125 1062 182 1104 du
204 1062 481 1114 Saint-Esprit
505 1073 514 1100 z
534 1077 552 1097 ι(
577 1061 610 1101 Il
642 1073 710 1101 me
744 1062 956 1114 glorifiera
977 1061 1106 1114 (dean.
1130 1073 1211 1109 xv1.
1236 1062 1322 1114 14.)
1341 1075 1360 1099 n
1384 1073 1435 1101 en
1470 1073 1539 1101 me
1569 1062 1707 1102 mani-

123 1126 333 1168 nifestant
363 1129 670 1176 ouvertement,
695 1127 1043 1167 non-seulement
1074 1139 1239 1167 comme
1272 1127 1338 1167 fils
1369 1127 1420 1167 de
1450 1127 1621 1180 loseph,
1645 1127 1709 1167 fils

126 1191 226 1233 d’un
247 1191 416 1231 ouvricr
436 1194 478 1231 et
498 1191 564 1231 fils
584 1191 635 1231 de
667 1191 882 1240 rhomme,
907 1192 1011 1231 mais
1031 1204 1181 1231 encore
1201 1203 1366 1232 comme
1386 1191 1470 1232 Fils
1501 1191 1553 1232 de
1586 1192 1704 1240 Dien,

124 1256 212 1298 Fils
230 1257 287 1296 du
307 1258 551 1306 Tres-Haut,
575 1257 658 1297 Fils
678 1258 774 1309 egel
797 1261 838 1296 et
858 1257 1069 1297 coeternel
1090 1269 1143 1297 au
1164 1258 1283 1297 Pete.

185 1339 206 1359 «
226 1323 260 1364 Il
281 1334 349 1363 me
377 1322 591 1374 glorifiera
612 1338 632 1359 »
655 1334 733 1375 par
765 1322 804 1362 le
835 1323 1014 1375 pouvoir
1046 1321 1148 1375 qu'il
1179 1334 1283 1362 vous
1314 1321 1521 1371 donner-a,
1542 1324 1567 1362 ὲ
1586 1333 1706 1374 vous,

123 1399 215 1428 mes
234 1387 414 1440 upotres‚
438 1387 489 1427 tle
509 1399 729 1428 renverser
748 1387 807 1426 les
827 1388 972 1435 idoles,
996 1388 1046 1427 de
1067 1387 1234 1427 chasser
1257 1388 1316 1427 les
1335 1387 1524 1437 demons‚
1547 1387 1707 1429 d'exel-

123 1455 190 1493 ter
209 1464 304 1492 mon
325 1464 438 1492 nom.

180 1532 199 1554 α
221 1517 255 1559 11
276 1529 343 1557 me
367 1517 583 1569 glorifici-a
599 1532 618 1553 υ
636 1529 802 1563 encore,
820 1517 987 1570 jusqu’u
1008 1517 1049 1557 la
1071 1517 1130 1557 fin
1144 1517 1200 1557 du
1220 1518 1391 1566 monde,
1409 1530 1461 1557 en
1482 1520 1708 1571 attaquent

123 1582 185 1627 les
203 1582 387 1622 heresias
407 1582 478 1634 qui
508 1582 759 1623 s’eleveront
791 1587 935 1622 contre
968 1583 1068 1633 moi,
1091 1594 1143 1623 en
1177 1586 1397 1623 monn-ant
1428 1595 1497 1623 ma
1528 1583 1706 1624 divinite

122 1650 269 1688 contre
290 1648 348 1688 les
367 1647 698 1698 Ariens‚1’unite
713 1648 763 1688 de
784 1660 994 1700 personne
1014 1660 1065 1688 en
1088 1649 1172 1688 moi
1188 1652 1333 1689 contre
1359 1649 1418 1688 les
1450 1649 1702 1700 Nestor-iens,

121 1711 165 1756 ln
184 1713 386 1754 necessit&
419 1713 470 1753 de
504 1725 574 1752 ma
607 1714 732 1766 grece
767 1716 912 1754 contre
943 1713 1003 1753 les
1035 1714 1274 1766 Pelagiens,
1296 1714 1338 1753 la
1356 1714 1490 1754 verite
1519 1714 1571 1754 de
1602 1724 1706 1755 mon

122 1789 244 1832 corps
264 1780 409 1818 contre
441 1778 500 1818 les
533 1779 810 1827 Manicheens‚
836 1779 875 1818 la
896 1782 1095 1831 presence
1128 1779 1257 1820 reelle
1277 1779 1328 1819 de
1349 1791 1394 1820 ce
1415 1780 1553 1819 meme
1584 1789 1710 1832 corps

121 1846 166 1886 et
183 1843 235 1885 de
255 1846 365 1884 cette
384 1843 562 1885 divinite
593 1856 648 1884 au
679 1845 865 1884 sacrifice
886 1845 938 1885 de
958 1846 999 1884 la
1018 1845 1149 1885 Messe
1179 1849 1326 1885 contre
1358 1845 1418 1884 les
1436 1845 1702 1895 Calvinistee,

122 2038 287 2085 intelligi
329 2037 375 2075 de
418 2039 524 2075 omni
579 2044 756 2086 peccato;
804 2040 891 2087 quia
929 2041 975 2077 de
1012 2041 1149 2088 Spiritu
1195 2042 1332 2078 Sancto
1383 2042 1522 2077 diserte
1571 2045 1703 2088 postea

109 2086 274 2135 quando
294 2087 410 2131 venit,
431 2087 471 2123 in
492 2087 669 2124 omnibus
703 2089 802 2134 quod
830 2099 890 2124 rc·
931 2090 1149 2135 pronuntiat
1173 2100 1179 2125 :
1208 2105 1222 2121 «ι
1248 2090 1315 2125 lile
1338 2100 1397 2125 ine
1417 2088 1657 2135 clarificabit,
1676 2101 1695 2123 ι

121 2133 372 2182 prehenderet
399 2134 555 2171 invenit.
589 2135 809 2182 specialiter
843 2141 891 2171 ta·
930 2141 1057 2182 aperte
1077 2137 1222 2173 scilicet
1244 2137 1521 2173 manifestando
1536 2147 1597 2173 me
1622 2147 1702 2177 non

121 2191 212 2220 men
232 2181 344 2218 etiam
366 2181 530 2228 loquitur
562 2182 608 2219 de
641 2189 795 2230 peccato
829 2184 886 2219 in·
930 2185 1053 2220 solum
1090 2184 1210 2221 lilium
1242 2185 1397 2231 Joseph,
1418 2184 1542 2220 lilium
1575 2183 1698 2231 Fabri,

121 2229 371 2273 credulitatis,
398 2229 607 2276 quiaillud
648 2232 813 2267 maxime
852 2232 890 2267 in
933 2232 1053 2268 tilium
1093 2232 1272 2279 hominis,
1305 2233 1369 2268 sed
1418 2233 1533 2268 etiam
1562 2232 1699 2270 Filium

934 2280 1012 2322 Dei,
1079 2279 1216 2316 Filium
1291 2279 1488 2324 Amissum,
1562 2279 1700 2318 qum

930 2327 1160 2373 coaequalein
1182 2332 1217 2364 et
1239 2332 1472 2363 eoaeternum
1493 2327 1606 2364 Patri.

121 2276 263 2315 ludaeis
313 2277 612 2323 reprehensibile
667 2283 760 2321 erat.
800 2279 890 2314 <lum

120 2324 289 2363 melitam
302 2336 322 2362 a
337 2324 484 2362 Christo
498 2325 613 2362 fidem
635 2327 872 2372 repudiarent
882 2356 890 2370 ‚

119 2371 176 2409 im
203 2381 227 2408 u
256 2377 406 2417 nai-ent,
426 2378 754 2420 persequerentur.

205 2429 230 2456 n
258 2429 279 2455 e
317 2420 513 2466 explicans
541 2421 641 2468 quod
667 2421 893 2467 generaliter

122 2465 268 2504 dixerat
284 2477 292 2502 :
319 2479 333 2499 «
351 2469 486 2514 Arguet
499 2468 687 2504 mundum
702 2470 747 2505 de
763 2479 891 2515 peccu-

124 2516 178 2558 ω,
197 2527 210 2546 n
225 2513 438 2560 specialiter
451 2515 578 2552 subdit
600 2526 608 2552 ;
634 2528 648 2547 ι
668 2516 719 2552 De
739 2521 892 2562 peccato

124 2560 294 2608 quidem,
330 2561 418 2607 quia
455 2573 533 2599 non
571 2563 813 2600 crediderunt
852 2564 892 2600 in

122 2617 200 2662 lne.
224 2623 238 2643 »
264 2608 385 2662 Quem
411 2609 715 2647 incredulitatem
754 2611 893 2657 saepius

123 2665 180 2693 eis
217 2655 384 2702 objecit:
412 2670 426 2688 α
467 2657 505 2693 Si
542 2668 621 2695 non
659 2659 893 2695 credideritis

124 2702 213 2750 quia
241 2713 309 2750 ego
341 2713 440 2750 sum,
454 2703 670 2742 moriemini
685 2706 723 2742 in
739 2710 892 2752 peccato

76 2758 79 2762 '
123 2754 260 2788 veSer.
285 2766 299 2786 n

172 2797 251 2835 Hoc
295 2802 492 2844 peecatum
531 2798 690 2845 Spiritus
733 2800 894 2836 Sanctus

125 2844 322 2893 corripuit,
386 2845 589 2882 ostendens
643 2847 892 2892 apertissimis

124 2891 244 2939 siguis
262 2898 299 2930 et
317 2892 512 2929 miraculis
533 2893 616 2930 sine
643 2894 792 2931 Christo
813 2905 892 2932 non

126 2939 296 2980 etmulti
315 2950 422 2988 spem
436 2941 581 2978 salutis.
604 2941 710 2979 Unde
723 2941 893 2980 Christus

980 2375 1062 2421 lpse
1081 2385 1143 2411 me
1172 2374 1396 2411 clarificabit
1425 2385 1492 2421 per
1524 2374 1700 2412 virtutem

931 2432 1044 2467 quam
1082 2422 1183 2459 dabit
1226 2422 1330 2459 vobis
1368 2421 1555 2468 Apostolis
1602 2423 1700 2460 meis

931 2469 1031 2506 idola
1052 2470 1262 2516 sternendi,
1283 2470 1476 2506 doemonia
1503 2470 1698 2518 ejiciendi,

934 2527 1074 2553 nomen
1113 2527 1242 2554 meum
1289 2517 1493 2554 exaltandi.
1536 2518 1700 2555 Ulterius

932 2564 996 2600 ille
1016 2575 1077 2601 me
1096 2564 1336 2609 clarificabit,
1357 2575 1475 2611 usque
1502 2565 1543 2602 in
1581 2566 1700 2603 fine-m

932 2612 1082 2658 saeculi,
1129 2612 1290 2648 haereses
1333 2613 1542 2650 contrarias
1603 2613 1702 2650 mihi

931 2660 1198 2706 expugnando,
1220 2663 1351 2696 contra
1383 2660 1541 2697 Arianos
1573 2670 1700 2697 meam

931 2708 1135 2743 ostendens
1165 2707 1415 2752 divinitatem,
1443 2713 1574 2745 contra
1601 2708 1698 2746 Nes-

932 2753 1097 2791 torianos
1122 2764 1294 2801 personae
1331 2756 1532 2800 unitatem,
1564 2761 1700 2792 contra

933 2801 1151 2848 Pelagianos
1188 2803 1317 2850 gratiae
1355 2814 1451 2840 meae
1488 2802 1699 2840 necessita-

932 2853 1022 2894 tem,
1067 2853 1199 2886 contra
1254 2850 1485 2887 Manichaeos
1529 2849 1700 2896 corporis

932 2897 1006 2932 mei
1046 2897 1250 2944 veritatem,
1278 2903 1410 2935 contra
1448 2897 1695 2934 Calvinianos
1740 2922 1757 2932 .

930 2943 1099 2991 ejusdem
1127 2946 1297 2992 corporis
1332 2955 1378 2982 ac
1408 2944 1618 2982 divinitatis
1652 2945 1696 2982 in
