1826 3164
509 111 663 151 secono
686 117 907 158 »mucan
931 123 1061 164 Aonis
1091 103 1145 167 u*
1169 139 1417 174 muruco-re.
1671 147 1748 189 ul

180 189 307 236 ment,
327 188 369 231 la
385 192 531 246 parole
549 194 601 238 de
619 197 751 250 Dieu;
774 205 894 257 mais,
917 210 1095 264 puisque
1115 227 1218 258 vous
1238 219 1279 260 la
1290 222 1462 276 rejetez,
1478 231 1521 269 et
1541 243 1624 284 que
1641 245 1749 279 vous

176 261 279 294 vous
291 254 422 308 ,iugez
437 261 716 310 vous-,memes
734 266 934 323 indignes
952 274 1004 316 de
1024 276 1066 318 la
1083 279 1151 321 vie
1169 283 1385 337 etei-nelle,
1408 292 1519 333 veile
1538 308 1619 348 que
1640 311 1747 342 nous

172 315 307 359 allone
323 331 415 361 vers
434 322 492 364 les
523 325 697 380 GentilS,
737 344 809 374 car
844 335 884 376 le
922 338 1133 394 Seigneur
1171 360 1276 390 nous
1313 352 1367 393 l'a
1403 357 1595 401 ordonne
1614 364 1740 407 ainsi.

166 379 316 433 (Actes.
334 395 427 435 xm,
447 389 501 430 30
519 393 562 430 et
579 391 669 447 31.)
691 410 710 432 ι
730 398 809 438 Les
829 403 1054 448 serviteurs
1073 410 1130 450 du
1151 413 1255 454 Pere
1275 416 1327 458 de
1356 418 1532 474 famille,
1555 426 1614 466 les
1643 441 1743 482 pro-

165 446 424 500 mulgatam-s
435 452 487 494 de
500 454 542 495 la
555 456 743 502 doctrine
757 465 1154 523 evangelique,sont
1167 478 1274 520 donc
1289 489 1474 537 envoyes
1488 501 1560 530 sur
1573 491 1634 533 les
1646 495 1739 547 pla-

124 551 130 555 ,
163 521 230 551 ees
248 513 468 568 publiques
487 523 528 560 et
548 521 653 563 daus
673 525 731 566 les
751 540 847 570 rues
866 532 917 573 de
938 534 979 575 la
1000 538 1111 589 ville,
1127 542 1378 588 c’est-a-dire
1398 551 1499 592 daus
1521 558 1658 599 tontes
1678 561 1737 602 les

158 577 389 630 provinceS‚
410 594 517 634 pour
535 589 706 640 appeler
724 605 779 633 au
800 595 924 638 festin
945 601 1096 643 celeste
1118 609 1212 647 tous
1230 610 1289 650 les
1311 613 1501 658 hommes
1521 620 1573 661 de
1596 626 1734 666 tontes

155 637 216 680 les
233 643 480 689 conditions.
497 651 573 691 Ces
592 656 760 708 gentile,
780 672 871 701 vers
886 665 958 716 qui
975 666 1022 707 ils
1038 675 1135 711 vont
1152 674 1312 717 etaient
1326 682 1534 724 vraiment
1551 699 1731 739 pauvres

154 708 196 745 et
213 705 439 763 indigents‚
460 714 510 754 ils
529 717 739 762 n'avaient
758 737 895 768 aucun
917 730 1031 782 bien,
1053 747 1105 774 en
1129 737 1205 778 fait
1226 741 1276 781 de
1299 749 1419 786 vertu
1456 761 1510 789 ou
1543 751 1594 792 de
1626 755 1726 797 cha·

151 769 307 820 rite‚ils
327 776 538 821 n’avaieut
558 794 707 826 encore
727 802 890 833 aucune
912 796 1169 849 richesse‚cn
1192 805 1268 846 fuit
1289 809 1340 849 de
1362 810 1418 852 lui
1439 826 1493 854 ou
1515 816 1566 857 de
1581 821 1723 870 grace.

148 835 226 876 Les
245 840 468 884 serviteurs
487 846 543 887 du
564 850 665 890 pere
686 854 737 894 de
759 856 918 899 familie
940 862 1030 903 leur
1050 873 1218 917 portent
1241 872 1333 921 l'or,
1357 876 1460 918 dont
1490 881 1518 920 il
1540 888 1600 923 est
1621 888 1727 929 ecrit

145 898 250 941 dans
268 902 546 964 l'Apocalypse
565 924 579 954 .·
603 930 623 951 «
642 917 690 957 Je
711 925 750 959 te
782 926 975 967 conseille
1007 930 1219 975 ‹i'acheter
1251 938 1302 977 de
1338 941 1414 982 l'or
1445 948 1630 997 eprouve
1665 964 1721 994 au

144 963 216 1005 feu
234 979 341 1019 pour
360 971 589 1019 t'enrichir.
614 980 753 1036 (Apoc.
776 998 839 1039 111,
864 991 945 1045 18.)
969 1009 989 1029 »
1014 998 1087 1036 Cet
1108 1011 1156 1038 or
1187 1001 1279 1046 leur
1310 1011 1372 1046 est
1404 1016 1588 1064 octroye,
1611 1028 1720 1068 pour

26 1016 54 1035 '
142 1041 238 1082 que,
260 1033 435 1078 laissant
452 1040 511 1081 les
531 1045 608 1084 vils
627 1047 810 1092 haillons
830 1055 881 1095 de
902 1056 1108 1112 l'esclave,
1131 1065 1188 1105 les
1210 1070 1441 1114 vetements
1462 1079 1649 1121 sordides
1674 1088 1718 1124 et

16 1858 25 1866 Α.
147 1809 156 1818 .
218 1845 227 1861 '
673 1862 680 1870 ι
1030 1845 1037 1852 .
1090 1878 1098 1894 ’
1219 1852 1226 1860 .
1325 1856 1332 1863 .
1383 1870 1391 1878 ‚

8 1967 9 1970 ,
32 1934 37 1963 ῐ
114 1957 1689 2027 *N

45 2018 55 2024 -
110 1997 276 2042 primum
327 2005 430 2054 loqui
474 2014 628 2054 verbum
676 2020 755 2069 Dei,
795 2028 874 2074 scd,

165 2045 172 2051 ι
917 2032 1046 2070 relicto
1068 2038 1131 2074 vili
1164 2046 1338 2089 centone,
1371 2050 1521 2087 sordida
1552 2058 1587 2090 et
1623 2055 1682 2093 la—

110 2054 199 2091 qula
227 2053 422 2105 ‘repellitis
464 2059 573 2107 illud,
612 2070 648 2102 et
698 2068 876 2118 indignos
914 2088 998 2116 cera
1027 2090 1142 2128 veste,
1166 2095 1304 2127 vestem
1338 2094 1408 2131 sibi
1442 2099 1682 2144 splendidam

109 2100 174 2128 vos
219 2099 397 2142 judicatis
446 2111 597 2147 aeternae
644 2115 741 2161 vitae.
785 2131 873 2159 ecce
911 2127 957 2162 ad
981 2127 1051 2166 hoc
1071 2135 1286 2175 convivium
1310 2143 1453 2185 possint
1489 2157 1678 2195 praepara-

105 2146 361 2199 convertimur
395 2153 445 2205 nd
485 2163 627 2205 gentes,
668 2165 723 2202 sic
767 2170 870 2207 enim
910 2184 962 2210 re.
987 2176 1100 2215 Erant
1121 2187 1154 2216 et
1175 2183 1244 2229 ipsi
1266 2187 1424 2232 debiles,
1452 2195 1539 2238 quia
1570 2205 1679 2237 erant.

104 2195 283 2238 praecepit
314 2197 424 2236 nobis
457 2201 693 2246 Dominus.»
719 2214 763 2250 In
786 2217 868 2262 pla-
910 2221 1050 2260 viribus
1082 2229 1339 2273 spiritualibus
1371 2238 1554 2285 destituti.
1588 2246 1676 2292 qui-

105 2237 182 2271 teas
213 2249 300 2287 ergo
332 2249 367 2281 et
399 2247 500 2287 vicos
521 2253 697 2305 civitatis,
720 2260 791 2299 hoc
812 2272 867 2302 est
907 2267 975 2305 bus
996 2272 1178 2313 obsistere
1200 2288 1351 2325 possent
1374 2286 1472 2323 vitiis
1493 2299 1502 2325 :
1525 2291 1566 2328 in
1586 2292 1672 2331 lau-

100 2290 168 2335 per
187 2294 318 2341 omnes
338 2293 439 2331 orbis
460 2300 632 2345 regiones
652 2310 687 2342 et
708 2312 863 2354 provin-
904 2327 1018 2359 guore
1038 2327 1073 2357 et
1094 2326 1256 2370 quadam
1278 2331 1377 2367 velut
1400 2336 1533 2373 umbra
1566 2350 1671 2378 mor-

101 2337 178 2366 clas
206 2339 404 2389 mittuntur
434 2347 531 2383 servi
563 2349 861 2404 Patrissamilias‚
904 2364 949 2399 tis
966 2366 1154 2417 jacebant,
1176 2376 1241 2411 sed
1275 2378 1371 2415 vires
1402 2383 1457 2419 eis
1488 2389 1670 2433 suppedi-

133 2381 332 2424 vangelicae
371 2389 515 2429 scilicet
551 2396 733 2440 doctrinae
770 2418 860 2452 pro·
903 2415 1038 2460 tantur,
1064 2423 1100 2453 ut
1121 2421 1266 2465 possint
1296 2427 1423 2465 venire
1443 2432 1490 2467 ad
1517 2444 1668 2475 coenam

98 2423 576 2484 mulgatoresmthomines
589 2447 859 2500 cujuscumque
902 2459 998 2498 hanc
1018 2474 1082 2500 cor
1102 2470 1393 2511 contii-mantem
1420 2484 1552 2518 contra
1579 2494 1666 2522 om-

97 2471 328 2532 eondltionls
341 2491 474 2522 vocent
492 2490 540 2526 ad
559 2494 749 2536 coelestem
777 2512 857 2539 coe—
899 2518 985 2545 nem
1037 2511 1258 2559 languorem
1315 2527 1349 2558 ct
1414 2526 1662 2570 debilitatem.

96 2523 199 2554 nam.
222 2520 388 2565 Gentiles
415 2531 477 2570 isti
503 2537 551 2573 ad
583 2551 676 2587 quos
700 2555 854 2596 exeunt,
897 2554 1008 2593 Erant
1042 2566 1075 2595 el
1102 2564 1208 2609 caeci,
1230 2567 1317 2613 quia
1345 2570 1467 2610 lucem
1496 2579 1663 2617 veritatis

96 2571 181 2614 vere
199 2576 380 2621 pauperes
407 2586 566 2638 erant-et
586 2591 708 2637 egeni,
729 2597 854 2635 nullas
896 2601 994 2640 haud
1033 2613 1204 2652 poterant
1253 2617 1437 2665 aspicere,
1483 2625 1547 2661 scd
1605 2628 1660 2664 eis

93 2615 239 2651 virtutis
269 2624 334 2673 aut
363 2622 554 2667 charitatis
590 2645 693 2682 opes,
727 2644 853 2683 nullas
890 2652 991 2688 oculi
1029 2658 1252 2700 aperiuntur
1291 2668 1329 2700 ut
1373 2670 1521 2713 possint
1558 2674 1658 2712 viam

90 2657 215 2697 adhuc
252 2663 345 2712 legis
377 2671 431 2708 vel
464 2679 591 2720 gratiae
620 2683 768 2726 divitias
789 2692 851 2730 ha·
888 2708 1104 2743 agnoscere.
1130 2706 1245 2744 Erant
1274 2711 1438 2760 denique
1459 2723 1494 2754 et
1515 2719 1654 2766 claudi,

91 2703 244 2752 bentes;
278 2714 329 2767 ad
358 2726 577 2775 eos-autem
601 2729 764 2774 defertur
782 2750 849 2785 per
887 2746 973 2790 quia
1006 2760 1071 2794 per
1107 2752 1176 2789 iter
1208 2756 1421 2799 divinorum
1444 2772 1654 2813 praecepto-

87 2761 213 2810 servos
233 2757 514 2823 Patrisfamilias
532 2783 667 2815 aurum
686 2781 781 2821 illud
801 2787 847 2824 de
885 2801 968 2830 rum
998 2800 1218 2838 nesciebant
1245 2804 1434 2854 incedere,
1455 2813 1519 2848 sed
1539 2814 1649 2860 adju-

85 2808 160 2844 quo
191 2803 228 2840 1d
259 2806 532 2871 Apocalypsis:
570 2835 583 2854 α
611 2824 756 2867 Suadeo
776 2833 845 2871 tibi
883 2847 1016 2878 vantur
1048 2851 1082 2881 et
1116 2849 1368 2892 reformantur
1400 2869 1529 2895 eorum
1549 2871 1648 2906 gres-

83 2854 208 2886 emere
239 2863 373 2894 aurum
404 2869 578 2915 gallum,
606 2876 646 2908 ut
676 2874 843 2925 locuples
880 2896 955 2933 sus,
989 2895 1027 2927 ut
1062 2893 1136 2931 huc
1165 2900 1313 2943 possint
1349 2905 1576 2954 pertingere,
1610 2914 1646 2946 et

82 2891 163 2932 flas.
195 2911 209 2930 ι
234 2900 373 2942 Aurum
403 2911 503 2949 istud
523 2914 577 2952 eis
596 2926 781 2973 erogatur,
802 2934 842 2966 ut
877 2936 995 2980 gradu
1016 2940 1169 2985 quidem
1203 2946 1353 2993 festino,
1376 2952 1463 2996 quia
1484 2954 1559 2991 cito
1579 2966 1644 2995 eos
