1884 3164
105 289 243 345 piedn.
267 303 289 328 «
306 286 398 329 111118
414 286 574 340 portait
599 298 661 326 un
694 286 845 327 enfant
865 285 969 326 dens
988 297 1066 326 son
1085 286 1191 336 sein,
1212 289 1256 327 et
1272 285 1353 327 olle
1381 285 1504 326 criait
1518 287 1623 328 dans
1641 299 1690 331 sa

107 354 300 403 doulam,
329 355 372 394 et
402 352 482 393 elle
513 351 735 392 ressentait
769 354 907 392 tontes
939 351 999 392 les
1030 351 1230 392 douleurs
1257 351 1310 392 de
1341 350 1686 394 l’enfantement.

109 419 248 475 (Apoc,
269 429 343 468 xn,
367 419 387 458 1
411 419 453 458 81
471 416 597 470 suiv.)
616 432 636 454 »
658 418 729 467 Or,
751 416 831 457 elle
863 417 942 457 mit
970 429 1025 457 au
1057 416 1212 458 monde
1243 429 1303 458 88
1334 417 1485 457 enfant
1514 416 1641 469 male,
1662 420 1689 458 ὰ

107 483 182 538 qui
200 483 240 524 le
261 483 428 536 dragon
448 482 611 523 tendait
631 482 704 522 des
722 482 966 533 8188801185,
987 485 1030 522 81
1050 482 1124 534 qui
1142 482 1208 522 fut
1230 482 1377 523 enleve
1396 483 1492 535 pres
1510 482 1563 523 de
1582 482 1690 524 Dieu

104 552 150 592 et
168 549 220 589 de
239 560 314 588 son
334 549 471 589 11088.
1342 558 1355 573 ·

160 615 274 656 Vous
293 625 453 666 pouvez
472 612 566 653 voir
584 612 641 664 18,
664 624 765 653 avec
784 626 842 652 un
881 612 1017 665 grand
1048 612 1225 652 nombre
1245 612 1296 651 de
1316 614 1688 665 commentateum,

103 679 147 720 18.
178 679 315 731 figure
349 679 400 719 de
432 678 474 718 18
506 677 719 731 primitive
759 678 920 728 Eglise,
955 677 1151 730 laquelle,
1187 679 1426 718 couronnee
1465 677 1518 718 de
1555 678 1691 720 douzo

105 745 302 798 Apetres,
324 756 487 784 comme
519 743 710 783 d'autant
742 743 945 790 d'etoiles,
969 744 1140 783 revetue
1172 743 1299 783 d'une
1332 742 1509 783 lumiere
1528 743 1687 796 divine,

470 198 694 241 ’1801518118
722 203 939 238 mutumne
966 197 1095 238 11181115
1124 207 1294 244 mouns.

32 783 43 844 ’ἰ
105 809 258 850 foulait
276 821 361 849 aux
383 809 502 862 pieds
522 808 581 848 les
599 808 830 849 νει-1811085
851 813 892 847 81
913 809 970 848 185
990 808 1240 850 185188111185
1271 810 1487 848 terrestres
1506 809 1691 860 figurees

101 886 184 928 par
202 875 244 914 18
263 874 378 914 lune.
403 874 491 914 Elle
513 874 688 913 enfanta
720 874 758 912 le
791 874 944 922 Christ,
969 875 992 913 εὶ
1012 874 1084 926 qui
1116 874 1157 912 18
1193 872 1483 913 Resurrection
1504 886 1528 914 8
1547 874 1690 915 donne

104 951 269 980 comme
288 951 373 980 une
395 940 614 979 1181558888
636 939 845 986 nouvelle,
864 943 904 978 et
925 939 1014 991 qui,
1037 950 1117 978 une
1140 938 1218 978 fois
1238 938 1475 989 1855858118,
1491 939 1557 978 fut
1574 939 1691 980 bien·

27 991 32 998 ⁵
101 1005 169 1046 tot
186 1005 334 1046 enleve
353 1006 449 1058 pres
469 1005 521 1044 de
553 1005 657 1044 Dieu
686 1008 727 1044 et
747 1005 798 1044 de
831 1017 905 1043 son
942 1006 1077 1052 trOne,
1101 1016 1178 1056 par
1210 1003 1479 1044 l'Ascension.
1501 1004 1606 1045 Mais
1625 1007 1691 1045 881

106 1070 417 1122 enfantement,
440 1070 611 1122 l'Eglise
642 1082 695 1109 ne
730 1073 804 1122 put
835 1069 1094 1122 l'accomplir
1125 1082 1221 1109 sans
1253 1069 1423 1109 souffrir
1454 1069 1687 1124 beaucoup,

98 1134 187 1175 *elle
205 1138 247 1176 et
267 1136 326 1176 les
347 1135 537 1187 Aputres,
562 1147 632 1174 car
651 1134 691 1175 le
711 1135 850 1175 Christ
872 1147 923 1174 ne
943 1134 1113 1187 parvint
1133 1136 1156 1174 εὶ
1176 1134 1218 1174 la
1239 1135 1551 1184 Resurrection,
1575 1134 1691 1188 (11ιά-

106 1201 202 1252 pres
221 1200 338 1240 avoir
357 1201 479 1240 cause
500 1212 584 1240 une
608 1199 769 1251 grande
790 1199 966 1239 douleur
988 1201 1011 1238 8
1032 1211 1099 1238 885
1119 1199 1323 1239 derniers.

161 1265 502 1306 L’enfantement
530 1265 581 1304 de
615 1264 783 1316 l'Eglise
804 1277 1007 1304 concerne
1028 1265 1140 1304 aussi
1159 1264 1198 1303 la
1221 1264 1324 1304 mise
1359 1277 1411 1304 au
1445 1264 1598 1306 monde
1617 1264 1691 1305 dee

110 1330 322 1370 membres
341 1331 396 1370 (18
418 1330 572 1379 Christ,
594 1330 644 1370 de
666 1342 729 1370 ses
759 1330 964 1382 premiers
983 1330 1140 1378 fideles,
1167 1341 1250 1382 que
1283 1329 1455 1381 l'Eglise
1474 1330 1690 1382 primitive

104 1395 284 1436 enfanta
302 1408 356 1435 88
376 1395 472 1448 prix
492 1396 544 1434 de
566 1395 764 1434 douleurs
784 1395 1023 1443 immensas,
1047 1394 1183 1446 parmi
1214 1394 1273 1434 les
1298 1395 1586 1446 persecutions
1605 1406 1690 1448 que

107 1460 146 1502 18
166 1461 334 1510 demon,
358 1473 402 1500 ce
424 1460 587 1513 dragon
610 1460 801 1512 antique,
823 1459 974 1499 suscita
995 1471 1091 1499 sans
1111 1471 1221 1499 cesse
1241 1462 1395 1499 881081·
1414 1459 1553 1500 d'elle.

159 1525 464 1578 Ququues-uns
483 1525 644 1565 croient
671 1537 753 1578 que
782 1528 891 1564 cette
912 1525 1083 1573 femme,
1104 1524 1372 1564 &est-adire
1402 1524 1574 1576 t’Eglise
1595 1526 1685 1578 pri-

30 1600 37 1609 *
102 1589 268 1640 mitive‚
290 1594 352 1630 est
384 1590 470 1631 dite
501 1590 671 1631 revetue
703 1590 759 1630 du
792 1590 924 1638 soleil,
949 1601 1073 1642 parce
1093 1589 1246 1642 qu'elle
1265 1601 1291 1629 8
1316 1591 1382 1630 818
1414 1601 1579 1631 comme
1610 1602 1686 1631 en-

100 1657 251 1697 108188
269 1659 311 1696 81
329 1657 531 1709 protegee
550 1668 627 1708 par
645 1655 689 1695 18
720 1655 897 1695 divinite
918 1654 974 1694 du
994 1654 1149 1705 Christ,
1171 1657 1214 1695 et
1234 1654 1386 1708 qu’elle
1407 1667 1431 1695 a
1450 1667 1503 1695 eu
1522 1655 1565 1696 la
1583 1654 1686 1698 1888

105 1732 203 1762 sous
221 1733 286 1762 ses
305 1721 438 1775 pieds,
460 1733 584 1775 parce
606 1720 758 1774 qu'elle
780 1733 805 1759 8
825 1722 891 1760 818
915 1722 1108 1772 appuyee
1128 1724 1170 1760 et
1190 1724 1390 1760 soutenue
1408 1732 1487 1774 par
1505 1733 1582 1762 son
1600 1720 1684 1762 hu-

52 1814 55 1820 ·
103 1786 281 1836 1888118,
303 1787 552 1840 symbolisee
570 1799 648 1840 par
668 1787 709 1827 18
739 1787 840 1826 lune
860 1798 1023 1826 comme
1043 1785 1086 1826 18
1106 1785 1281 1826 divinite
1312 1786 1405 1826 l’est
1435 1798 1512 1839 par
1543 1786 1580 1826 le
1613 1799 1682 1828 so-

34 1855 36 1858 ’
104 1849 191 1893 leil.
212 1853 329 1893 Cette
347 1852 448 1893 lune
467 1853 575 1892 donc
594 1856 657 1892 est
675 1864 771 1892 5085
791 1864 854 1891 585
875 1851 1005 1904 pieds,
1029 1863 1115 1891 non
1134 1851 1255 1904 point
1276 1863 1385 1905 pour
1413 1852 1502 1892 etre
1524 1852 1679 1902 foulee‚

31 1934 34 1941 ·
99 1916 209 1958 mais
228 1930 335 1971 pour
353 1918 542 1958 soutenir
561 1921 602 1958 et
621 1929 810 1971 appuyer
829 1917 1015 1969 l'Eglise‚
1031 1928 1194 1958 comme
1214 1929 1299 1958 une
1318 1917 1418 1958 8858
1436 1919 1481 1958 81
1499 1929 1560 1958 88
1580 1917 1681 1958 fon-

106 2065 185 2102 5018
204 2064 367 2108 amictae,
390 2064 593 2111 lunamque
613 2063 684 2101 sub
715 2064 874 2111 pedibus

106 2112 294 2158 habentis,
333 2123 417 2159 quae
437 2113 477 2149 in
498 2117 603 2150 utero
627 2112 770 2148 liabens
791 2113 871 2148 cla-

37 2167 42 2171 ·
104 2160 232 2197 mabat
251 2161 479 2207 parturiens,
501 2164 536 2195 et
562 2159 800 2197 cruciabatur
834 2165 871 2196 ut

131 2212 266 2245 areret.
282 2207 426 2254 Peperit
442 2212 567 2244 autem
582 2208 702 2244 tilium
729 2218 871 2243 maseu-

120 2255 275 2299 mn‚cui
289 2255 538 2292 insidiabatur
553 2256 687 2299 draco;
713 2255 778 2291 ille
801 2266 871 2291 au-

27 2320 41 2329 «
100 2306 182 2340 tem
203 2308 328 2358 ruptus
349 2303 469 2340 estad
491 2304 610 2340 Deum
630 2308 665 2339 et
687 2304 731 2339 ad
765 2303 870 2339 thro-

8 2366 9 2371 *
51 2392 53 2394 ,
103 2360 200 2387 num
215 2360 310 2397 ejus.

152 2399 258 2434 Certe
278 2397 508 2444 primitivam
538 2397 738 2434 ecelesiam
771 2403 870 2434 recto

7 2469 10 2475 -
42 2438 45 2445 ⁴
96 2445 293 2492 designari
314 2445 367 2481 ibi
387 2445 526 2482 dixeris
558 2455 645 2481 cum
671 2446 871 2481 nonnullis

7 2504 13 2518 ·
38 2498 39 2502 ’
106 2492 389 2538 interpretibus,
411 2502 494 2539 quae
519 2498 697 2529 coronata
731 2493 869 2528 duode-

102 2538 183 2576 eim
218 2539 402 2586 Apostolis
440 2544 631 2586 tamquam
669 2540 813 2584 stellis3
835 2545 867 2576 et

106 2586 253 2623 lumine
284 2586 446 2633 quodam
477 2587 606 2624 divino
639 2587 784 2630 vestita,
812 2598 871 2623 res

6 2632 21 2682 ’ζ
36 2654 42 2681 χ
105 2633 345 2678 sublunares,
359 2634 572 2679 variabiles,
588 2640 623 2671 et
643 2637 762 2671 fluxas
782 2645 869 2671 con·

44 2711 59 2722 2
94 2681 435 2727 88188881ς88185
466 2686 593 2728 partus
612 2687 666 2718 est
701 2682 869 2718 Christus

35 2750 42 2759 ³
78 2729 172 2776 ¹'per
210 2729 535 2765 Resurrectionem
571 2739 669 2766 novo
707 2730 869 2775 quodam

40 2789 41 2793 ¹
105 2776 219 2814 modo
239 2777 404 2824 genitus,
426 2780 461 2812 et
479 2780 564 2822 post
582 2776 687 2813 illam
708 2787 869 2819 genera-

103 2823 251 2861 tionem
269 2825 316 2861 ad
357 2824 473 2859 Deum
515 2824 654 2870 Deique
688 2823 867 2860 thronum

77 2879 81 2889 ’
107 2880 175 2918 per
195 2871 464 2908 Ascensionem
486 2881 573 2908 mox
595 2875 735 2917 raptus.

155 2918 270 2955 Illum
288 2923 414 2956 autem
434 2929 520 2955 cum
553 2918 720 2955 cruciatu
741 2928 809 2954 suo
833 2923 868 2954 et

31 2958 46 2993 s
106 2965 387 3021 Apostolorum·
428 2976 626 3013 generasse
678 2969 867 3010 censetur,

20 3024 35 3036 r*
74 3022 196 3060 mqula
233 3023 390 3052 nonnisi
426 3024 564 3062 magno
602 3023 734 3050 eorum
780 3023 867 3051 cun:

913 2064 1042 2101 dolore
1061 2064 1107 2100 ad
1142 2065 1470 2102 Resurrectionem
1508 2065 1680 2112 pervenit

912 2112 1095 2148 Christus.

961 2160 1091 2195 Partus
1110 2158 1224 2194 etiam
1245 2159 1326 2205 eJus
1347 2164 1402 2195 est
1437 2159 1606 2196 Christus
1637 2160 1679 2197 in

911 2207 989 2242 suis
1011 2206 1207 2250 membris,
1222 2207 1293 2243 boc
1314 2212 1368 2242 est
1389 2207 1430 2243 in
1450 2207 1583 2254 primis
1599 2207 1678 2245 suis

912 2254 1101 2298 1111811885,
1140 2264 1233 2300 quos
1283 2254 1451 2291 Ecclesia
1499 2255 1677 2301 primitus

911 2312 1048 2347 niagno
1068 2302 1237 2338 cruciatu
1263 2301 1362 2338 inter
1394 2302 1677 2348 persecutiones

910 2350 1022 2385 enixa
1048 2354 1118 2393 est,
1140 2349 1277 2394 quibus
1296 2354 1331 2385 et
1362 2349 1546 2387 continuo
1578 2350 1676 2387 insi-

910 2397 1035 2432 diatus
1055 2402 1110 2432 est
1130 2396 1298 2441 doemon,
1327 2397 1445 2433 Draco
1482 2397 1561 2434 anti
1589 2407 1674 2435 uus.

912 2444 1096 2480 Nonnulli
1140 2445 1253 2480 etiam
1305 2444 1524 2491 intelligunt
1598 2456 1675 2482 anc

911 2491 1122 2536 Mulierem,
1146 2492 1215 2527 808
1235 2496 1304 2534 851,
1318 2491 1526 2529 Ecclesiam
1544 2493 1676 2539 primi-

911 2539 1036 2584 tivam,
1060 2539 1143 2575 ideo
1163 2539 1238 2575 dici
1258 2539 1336 2575 sole
1373 2539 1568 2584 amictam,
1586 2541 1676 2588 quia

908 2586 1102 2622 divinitate
1122 2586 1259 2622 Christi
1294 2586 1400 2633 quasi
1437 2589 1674 2625 communita

909 2634 1020 2669 fuerit
1047 2638 1084 2669 et
1121 2638 1298 2680 protecta,
1321 2634 1454 2672 lunam
1491 2645 1578 2672 vero
1602 2635 1674 2672 588

910 2680 1067 2727 pedibus
1087 2680 1277 2725 habuisse,
1291 2682 1379 2728 quia
1398 2682 1479 2728 ejus
1501 2683 1675 2720 humani·

909 2732 982 2764 tate
1020 2728 1151 2764 fulcita
1187 2729 1313 2770 fucrit,
1346 2734 1567 2775 sustentata,
1588 2741 1674 2778 quae

909 2786 974 2821 per
993 2775 1122 2811 lunam
1145 2776 1382 2823 intelligitur,
1403 2778 1501 2814 sicut
1531 2778 1674 2816 divini-

908 2828 963 2858 tas
981 2833 1047 2869 per
1066 2823 1199 2860 solem.
1222 2823 1326 2861 Luna
1356 2835 1445 2872 ergo
1483 2825 1564 2862 baec
1602 2825 1672 2862 suh

906 2870 1066 2917 pedibus
1085 2874 1153 2917 est,
1168 2881 1248 2908 non
1267 2876 1307 2908 ut
1326 2872 1585 2917 conculcetur,
1606 2872 1674 2910 sed

907 2922 946 2954 ut
978 2923 1160 2955 sustentet
1197 2924 1234 2955 81
1270 2919 1403 2956 fulciat
1446 2919 1671 2964 Ecclesiam,

907 2970 1099 3012 tamquam
1118 2965 1219 3002 basis
1234 2971 1269 3003 et
1289 2967 1582 3004 fundamentum
1608 2967 1672 3004 cui

906 3013 1093 3050 innititur.
1141 3013 1366 3060 Proponitur
1415 3014 1544 3061 utique
1589 3014 1674 3062 ipsa
