1826 3164
622 8 628 27 Ᾰ
897 8 905 19 ’Ὶ
932 5 976 28 0³·
1020 11 1025 15 ’

574 49 595 103 ··;
610 41 810 102 ςῆ-,ἒωιῖ
857 49 884 89 ’,ν
916 47 1013 101 ιγ).

371 125 382 154 4
419 97 700 147 ·‘'·.'.·..›·‚·-‹··⁷.f,2v²
787 94 889 125 rs-
926 93 963 126 ,⁴
999 100 1038 128 sn

441 139 461 155 ι·
478 139 498 148 ’ψ
523 139 559 166 r.-

477 157 504 199 ’ἰ
537 136 1041 214 ’Emanium
1070 169 1254 213 niune.

750 334 907 391 ΜΕΜΕ
938 336 1094 389 FETE.

929 489 1176 523 Benedicamus
1211 490 1350 524 Patrem
1387 492 1420 524 et
1456 491 1583 527 Filium
1632 503 1711 528 cum

974 537 1101 570 Sancto
1126 538 1272 581 Spiritu.
1304 539 1499 573 Laudemus
1528 542 1563 574 et
1593 549 1712 584 euper-

971 585 1163 618 exaltemus
1210 596 1287 620 eum
1336 588 1373 619 in
1410 588 1545 621 ucula.
1589 588 1711 623 Gloria

970 633 1070 666 Patri
1085 635 1118 666 et
1136 633 1224 667 Filio
1243 636 1275 667 et
1294 635 1445 678 Spiritui
1462 636 1599 670 Sancto.
1614 636 1712 671 Sicut

971 682 1047 714 erat
1067 682 1102 714 in
1120 682 1289 726 principio
1317 683 1350 715 ee
1380 693 1471 716 nunc
1501 685 1534 717 et
1563 693 1711 728 semper,

974 730 1034 762 ete.

933 776 1125 809 Benissons
1155 776 1188 809 le
1220 777 1306 810 Pera
1338 779 1372 810 et
1397 777 1428 811 le
1459 778 1530 811 Fiis
1561 787 1649 813 avec
1676 778 1712 813 lo

0 837 5 858 ι
974 823 1217 866 Saint-Esprit.
1228 825 1275 857 Lo
1281 824 1422 858 uons-lc
1432 828 1468 859 et
1481 825 1713 860 celebretis-lo

0 863 7 887 Ι
973 871 1063 904 dans
1100 871 1151 904 les
1182 872 1304 904 siet-les
1334 873 1497 906 eternels.
1525 873 1643 908 Gtoire
1665 883 1713 908 tm

0 890 18 965 ξ
972 920 1057 952 Pera
1077 922 1114 952 et
1144 929 1189 952 au
1226 920 1294 952 Fils
1323 923 1358 953 et
1391 930 1436 954 nu
1464 921 1711 966 saint-Esprit.

0 971 14 1017 Γ
969 967 1114 999 Comme
1134 967 1155 999 il
1173 968 1258 1001 etait
1275 977 1319 1000 au
1335 972 1657 1010 commencemeut.
1678 971 1714 1005 et

973 1015 1211 1054 maintennnt‚
1233 1018 1267 1047 et
1287 1015 1464 1058 toujours‚
1486 1019 1555 1050 etc.

190 1130 246 1169 μ’
264 1129 407 1170 ΡΟΙΝΤ.
429 1152 482 1160 -
499 1131 654 1172 Toutes
673 1131 733 1172 les
753 1134 965 1172 creatur-es
985 1137 1059 1173 ont
1079 1136 1146 1173 ete
1166 1135 1305 1174 croces
1331 1147 1438 1187 pour
1464 1135 1588 1176 benit
1606 1135 1713 1177 Dion

139 1195 182 1233 et
200 1192 376 1234 clienter
394 1206 439 1235 sa
461 1194 611 1248 gloire.
632 1196 740 1238 G’est
759 1209 805 1238 ce
824 1210 906 1251 que
927 1197 989 1238 dit
1010 1198 1047 1238 le
1069 1199 1382 1253 Boi-Propliete
1405 1214 1414 1240 :
1441 1217 1461 1237 «
1482 1202 1559 1241 Les
1589 1201 1717 1243 cieux

138 1262 361 1300 racontent
379 1259 421 1300 la
441 1261 577 1313 gloire
596 1262 648 1302 de
662 1262 782 1313 nien,
797 1267 839 1303 et
858 1264 897 1304 le
916 1263 1158 1304 firmamcnt
1178 1277 1366 1304 annoni-,e
1383 1263 1556 1306 l’oeuvre
1577 1266 1629 1308 de
1648 1279 1714 1309 ses

140 1323 292 1364 mains.
314 1325 370 1366 Le
385 1325 486 1378 jour
506 1330 626 1379 porte
645 1328 686 1367 la
704 1329 849 1381 parole
883 1342 935 1369 au
964 1330 1064 1381 jour
1094 1334 1136 1370 et
1167 1330 1208 1369 la
1240 1331 1333 1370 nuit
1353 1331 1519 1371 insumit
1540 1332 1582 1372 la
1601 1332 1716 1376 nuit.

142 1387 228 1442 (Ps.
250 1401 372 1440 xvm,
397 1393 416 1431 1
441 1395 483 1432 et
501 1392 557 1446 2.)
581 1407 600 1431 »
625 1393 733 1434 G’est
752 1406 915 1435 comme
935 1395 1000 1434 s'il
1020 1395 1143 1435 disait
1166 1409 1175 1435 :
1198 1397 1255 1436 Lu
1279 1396 1410 1448 gloire
1442 1396 1494 1437 de
1525 1397 1631 1438 Dion
1651 1400 1716 1439 eat

138 1457 336 1496 recontee
367 1456 462 1497 nuit
481 1461 523 1498 et
537 1458 637 1510 j0ur
656 1471 732 1511 par
752 1461 933 1513 quelque
954 1461 1107 1513 langue
1126 1461 1291 1509 celeste,
1315 1474 1395 1514 que
1416 1465 1512 1501 tous
1530 1466 1717 1515 penvent

0 1532 13 1554 1
136 1521 428 1572 comprendre.
450 1523 511 1563 En
545 1523 659 1573 estet,
682 1523 836 1567 durant
855 1525 893 1565 le
921 1525 1035 1577 jour,
1059 1527 1099 1565 la
1129 1526 1279 1565 beaute
1314 1527 1368 1566 du
1403 1527 1524 1567 soleil
1554 1527 1652 1568 loue
1671 1529 1716 1569 et

0 1554 30 1660 {s
136 1584 256 1626 benit
285 1586 406 1627 Dieu.
441 1587 814 1640 SemblaMement,
831 1590 984 1631 durant
1019 1591 1060 1630 la
1093 1591 1199 1641 nuit,
1223 1604 1300 1644 par
1332 1592 1372 1631 ln
1404 1592 1581 1633 lumiere
1609 1591 1715 1635 elle-

2 1665 9 1680 :
137 1649 275 1691 meme
296 1651 368 1692 des
387 1653 547 1693 etoiles.
569 1654 686 1694 Ainsi
706 1655 743 1695 le
759 1656 860 1707 J'our
879 1660 920 1695 et
938 1656 978 1695 la
998 1656 1092 1696 nuit
1112 1663 1206 1695 sont
1227 1669 1389 1697 comme
1410 1658 1520 1698 deux
1546 1658 1715 1700 choeurs

4 1692 26 1780 ξ
138 1715 213 1768 qni
230 1715 459 1767 alternent,
477 1730 531 1759 en
552 1721 819 1772 proclamant
838 1721 879 1761 la
901 1720 1033 1773 gloire
1054 1722 1104 1762 de
1128 1723 1248 1762 Dieu.
1276 1739 1295 1758 «
1317 1725 1372 1762 Le
1400 1723 1501 1774 jour
1531 1727 1653 1776 porte
1673 1723 1717 1765 la

139 1781 285 1834 parole
304 1794 359 1823 au
387 1782 487 1836 jour
518 1788 560 1825 et
591 1785 635 1825 la
666 1786 759 1826 nuit
791 1787 963 1827 instruit
995 1787 1036 1827 la
1057 1788 1165 1828 nuit.
1189 1803 1206 1826 »
1232 1790 1297 1829 Un
1315 1788 1429 1840 jour,
1451 1790 1576 1842 apres
1595 1789 1716 1831 avoir

139 1845 295 1887 aoheve
314 1859 359 1888 sa
377 1860 522 1890 course
542 1853 585 1890 et
603 1863 650 1890 sa
667 1852 948 1904 predication‚
970 1864 1088 1905 passe
1109 1866 1163 1892 au
1180 1854 1279 1905 jour
1299 1854 1465 1893 suivant
1496 1854 1537 1895 la
1568 1855 1716 1908 parole

140 1909 191 1951 de
209 1910 252 1952 la
270 1911 455 1967 louange
473 1915 628 1966 divine,
646 1917 753 1956 ainsi
773 1929 922 1958 encore
944 1918 985 1958 la
1004 1919 1110 1966 nuit,
1135 1932 1179 1958 sn
1200 1931 1346 1959 course
1368 1923 1410 1960 et
1445 1932 1522 1960 son
1553 1920 1715 1972 hymno

142 1975 333 2028 aeheves,
355 1991 474 2032 passe
492 1982 518 2020 ὸ,
537 1981 577 2021 la
596 1982 690 2022 nuit
711 1982 904 2023 suivante
923 1984 965 2023 la
985 1983 1141 2036 charge
1161 1984 1212 2024 de
1233 1984 1422 2032 obanter,
1445 1984 1504 2024 lui
1524 1984 1716 2037 appi-end

11 2043 40 2100 ’κ
143 2041 168 2080 ὸ,
186 2040 306 2083 louer
323 2044 444 2085 Dieu.
479 2046 863 2087 Continuellement
897 2048 1004 2088 donc
1036 2049 1095 2088 les
1120 2049 1239 2100 jours
1270 2052 1312 2089 et
1331 2049 1390 2088 les
1406 2050 1521 2089 nuits
1541 2050 1716 2092 menent

922 2185 928 2204 ¹
946 2184 1127 2220 missione
1146 2183 1192 2220 de
1212 2184 1272 2220 die
1294 2189 1327 2219 ct
1349 2188 1461 2220 nocte
1494 2194 1560 2230 per
1585 2194 1717 2231 quum·-

945 2231 1032 2267 dam
1054 2231 1236 2268 ooelorum
1252 2232 1560 2277 linguanmquam
1579 2242 1716 2271 omnes

948 2284 1105 2324 possunt
1126 2279 1350 2322 intelligere.
1376 2279 1470 2316 Nam
1491 2279 1538 2315 de
1565 2280 1627 2318 die
1645 2290 1714 2327 per

946 2326 1036 2362 solis
1079 2327 1404 2372 pulchritudinem
1460 2326 1633 2364 laudatur
1676 2332 1714 2365 et.

948 2374 1183 2411 benedicitur
1231 2376 1341 2416 Deus,
1368 2373 1543 2412 similiter
1586 2378 1624 2412 et
1665 2375 1714 2413 do

948 2427 1057 2458 nocte
1089 2433 1155 2468 per
1187 2422 1307 2468 ipsam
1340 2421 1535 2459 stellarum
1568 2422 1711 2461 lucem.

946 2469 1006 2505 Sic
1025 2469 1105 2505 dies
1125 2474 1158 2506 ct
1180 2481 1254 2506 nox
1276 2474 1363 2505 sunt
1385 2469 1484 2506 velut
1509 2470 1584 2507 duo
1603 2470 1714 2508 chori

945 2517 1158 2553 alternatim
1181 2517 1428 2563 praedicantes
1460 2516 1607 2555 rtoriam
1629 2519 1710 2555 Dei.

950 2579 963 2596 α
991 2564 1076 2600 Dies
1107 2565 1180 2600 diei
1214 2568 1355 2601 eructat
1384 2575 1446 2601 ver
1474 2574 1538 2602 um
1571 2569 1608 2602 et
1633 2576 1711 2603 nox

329 2235 510 2276 EODEM
533 2237 717 2277 FESTO.

0 2326 15 2352 5
393 2323 609 2353 Benedicamm
625 2326 745 2354 Patrem
757 2329 785 2354 et
797 2326 908 2354 Filium

0 2359 26 2383 2⁴·
426 2367 494 2388 cum
521 2361 629 2389 Sancto
650 2362 778 2396 spiritu,
800 2363 906 2390 laude—

423 2402 491 2424 mus
501 2398 529 2423 et
537 2398 794 2431 superexaltemus
801 2405 867 2425 eum
875 2398 909 2425 in

428 2434 550 2460 soecula.
564 2433 667 2461 Gloria
683 2433 768 2461 Patri
787 2436 815 2461 et
830 2434 908 2461 Filio

433 2470 462 2495 et
474 2467 606 2502 Spiritui
619 2469 736 2497 Sancto.
748 2469 833 2497 Sicut
844 2472 909 2497 erat

427 2502 462 2530 ‘ln
473 2503 627 2538 principio
645 2507 672 2534 et
691 2512 773 2532 nunc
785 2508 814 2534 et
831 2513 908 2533 sem-

432 2543 498 2572 per,
512 2541 568 2567 etc.

193 2607 336 2644 Omnes
372 2613 551 2646 creaturae
593 2610 640 2647 ad
674 2610 906 2648 benedicen-

148 2655 240 2693 dum
260 2655 395 2700 Deum,
416 2660 454 2692 et
472 2657 630 2703 gloriam
662 2658 743 2704 eJus
764 2659 907 2695 decan-

146 2703 300 2739 tandam
331 2707 464 2740 ereatae
493 2708 594 2741 sunt.
617 2706 694 2742 Hoc
726 2711 782 2742 est
808 2707 907 2751 quod

147 2750 224 2787 Rex
244 2755 279 2786 et
300 2750 485 2797 Propheta
503 2751 595 2788 dicit
616 2763 624 2788 :
650 2767 664 2785 α
689 2753 780 2789 Coeli
795 2763 907 2789 enar-

147 2801 232 2834 rant
249 2797 406 2844 gloriam
430 2798 510 2841 Dei‚
532 2803 568 2835 et
587 2809 700 2846 opera
723 2810 907 2837 manuum

146 2845 230 2892 ejus
261 2845 464 2882 annuntiat
494 2845 792 2884 firmamentum.
823 2848 908 2885 Dies

147 2892 224 2930 diei
260 2896 404 2930 eructat
439 2893 596 2930 verbum
629 2899 665 2931 et
696 2905 772 2931 nox
805 2896 908 2933 noeti

147 2939 290 2977 indicat
327 2940 540 2978 scientiam.
564 2956 578 2975 »
621 2941 736 2986 Quasi
773 2942 904 2980 dicat:

147 2987 343 3027 Euan-atio
361 2988 492 3036 gloriae
518 2989 583 3026 Dei
614 2989 656 3026 fit
686 2990 769 3028 sine
788 2990 907 3028 inter-

946 2611 1048 2647 nocti
1066 2612 1208 2648 indicat
1227 2612 1441 2649 scientiam.
1468 2627 1481 2645 ι

995 2659 1097 2696 Unus
1111 2660 1205 2706 dies,
1227 2660 1387 2706 peractis
1406 2666 1517 2696 cursu
1531 2664 1567 2697 et
1580 2660 1717 2706 praedi-

946 2706 1108 2751 catione,
1134 2707 1246 2743 tradit
1264 2707 1339 2743 diei
1358 2709 1530 2754 sequenti
1557 2707 1715 2746 verbum

947 2754 1068 2790 laudis
1101 2755 1261 2799 (livinae;
1293 2755 1347 2792 sic
1378 2760 1416 2792 et
1453 2766 1529 2792 nox
1561 2760 1714 2802 peracto

945 2811 1057 2838 cursu
1096 2806 1133 2838 et
1170 2803 1275 2849 quasi
1327 2803 1468 2848 hymno
1512 2803 1712 2840 decantato

947 2849 1058 2885 tradit
1076 2850 1179 2886 noeti
1201 2851 1372 2896 sequenti
1392 2860 1533 2886 munus
1566 2860 1715 2886 canen-

945 2896 997 2941 di,
1020 2897 1130 2933 tradit
1152 2897 1349 2934 scientiam
1373 2898 1489 2934 Deum
1518 2896 1714 2934 laudandi.

944 2943 1087 2991 Jugiter
1106 2956 1194 2992 ergo
1214 2945 1294 2982 dies
1314 2950 1349 2981 et
1369 2950 1499 2981 noctes
1518 2945 1655 2981 choros
1674 2946 1719 2981 et

945 2991 1101 3029 choreas
1125 2998 1242 3040 agunt
1272 2993 1338 3030 Dei
1370 2992 1556 3030 creatoris
1583 2991 1718 3030 lauden
