1884 3164
171 160 254 201 220
594 169 643 199 LE
673 168 877 199 RATIONAL
904 168 980 198 mas
1010 158 1329 198 rnench‘mnns.

171 250 216 289 et
233 247 448 288 considere
467 248 507 288 le
524 247 592 293 fer
610 247 715 300 qu’il
735 246 971 300 emploie...
993 246 1024 286 il
1044 246 1244 299 applique
1266 257 1342 285 son
1370 255 1486 284 eoeur
1516 244 1541 282 ὲ
1572 241 1751 283 achever

170 325 247 354 son
268 325 507 365 ouvrage...
529 313 665 362 Ainsi,
687 313 727 353 le
745 313 884 365 potier
903 312 1075 353 s'assied
1094 313 1190 364 pres
1210 311 1260 351 de
1280 322 1356 350 son
1376 309 1562 361 (ιιι-3116...
1577 306 1607 347 il
1621 307 1752 361 appli-

172 390 255 431 que
273 391 348 419 son
371 391 487 419 coeur
507 381 532 418 ἐι
552 378 728 430 peindre
747 390 821 417 son
845 390 1044 429 ouvrage,
1069 380 1111 417 et
1129 376 1160 416 il
1180 376 1304 416 veille
1322 377 1348 415 ὲ
1367 387 1412 415 ce
1432 386 1514 427 que
1533 386 1606 413 son
1633 373 1751 414 four-

170 454 283 484 neau
302 444 384 484 soit
403 444 571 496 purifie.
597 442 743 497 (Ecelz'.
764 454 940 494 xxxvm,
961 442 1150 495 28·34.)»
1175 443 1286 482 Tous
1305 452 1371 480 ces
1393 439 1564 492 gens-152
1582 450 1636 478 ne
1655 440 1752 479 sont

169 509 292 562 point
309 509 613 562 reprimaudes‚
636 508 688 549 de
714 520 760 549 ce
789 508 913 569 qu’ils
945 510 1130 560 vaquent
1161 518 1246 547 aux
1277 506 1546 557 occupations
1577 504 1628 544 de
1658 504 1751 544 leur

169 578 252 624 art,
273 587 343 614 car
363 586 458 613 sans
477 586 559 614 eux
577 574 619 613 la
638 574 728 615 uite
748 586 801 613 ne
821 574 948 613 serait
967 573 1012 612 ni
1032 572 1159 623 helie,
1183 572 1229 611 ni
1248 571 1426 621 debout3
1454 569 1575 618 mais,
1597 569 1637 609 le
1655 567 1751 621 plus

168 642 363 689 souvent,
385 639 436 678 ils
455 642 550 679 sont
568 639 904 692 reprehensibles
925 651 978 679 en
998 650 1043 678 ce
1065 650 1164 690 que,
1198 638 1380 677 mettant
1411 636 1504 676 leur
1536 634 1752 674 confianee

169 703 276 744 dans
295 704 334 743 16
353 704 505 744 travail
524 705 576 745 de
595 705 708 745 leurs
727 705 877 754 mains,
909 704 940 743 il
974 703 1224 756 appliquent
1254 702 1290 742 si
1319 702 1419 742 bien
1450 701 1543 741 leur
1573 711 1689 740 coeur
1725 699 1752 738 ὲ

167 768 263 809 leur
281 769 430 810 labeur
448 773 491 810 et
509 782 564 810 au
586 770 699 822 gain,
724 772 766 810 et
779 770 817 809 16
833 770 1034 821 dissipent
1055 770 1089 808 si
1108 769 1208 819 fort,
1232 780 1328 820 que,
1344 766 1534 819 lorsqu'il
1548 766 1638 805 faut
1657 763 1752 803 s’oe-

169 846 299 887 cuper
318 835 390 875 des
409 847 574 875 oeuvres
593 835 644 875 de
665 835 786 884 Dieu,
809 835 860 874 ils
882 847 935 874 ne
956 837 1204 875 retrouvent
1223 833 1317 886 plus
1356 844 1402 873 ee
1439 844 1570 871 coeur.
1611 828 1748 878 Aussi,

168 910 224 940 ne
243 900 505 952 peuvent-ils
524 900 614 940 dire
643 913 744 940 avec
775 900 909 940 David
942 913 951 939 :
992 914 1012 938 a
1042 902 1172 941 Votre
1199 898 1406 939 serviteur
1436 910 1461 938 a
1491 898 1640 937 trouve
1676 903 1751 934 son

168 975 296 1015 coeur,
319 978 427 1018 pour
445 978 549 1005 vous
568 966 707 1017 parler
727 965 831 1006 dans
850 967 957 1005 cette
979 965 1159 1018 priore.»
1183 965 1215 1005 Ο
1237 976 1354 1004 coeur
1373 962 1612 1011 miserable,
1634 972 1751 1004 eccur

167 1030 268 1070 vain
289 1035 330 1071 et
350 1031 600 1080 inconstant‚
623 1042 787 1070 comme
807 1034 854 1069 tu
875 1042 982 1069 nous
1002 1030 1157 1082 quittes
1177 1029 1435 1079 facilemcnt,
1458 1040 1620 1068 comme
1641 1031 1687 1068 tu
1707 1034 1750 1070 te

166 1095 310 1135 luisses
330 1096 514 1148 captiver
551 1108 604 1136 en
645 1096 782 1135 divers
818 1095 950 1144 lieux,
990 1095 1183 1134 combien
1225 1094 1255 1133 il
1295 1097 1357 1134 est
1390 1106 1487 1134 rare
1517 1106 1598 1146 que
1627 1096 1675 1134 tu
1703 1097 1747 1135 te

167 1160 314 1201 luisses
341 1173 537 1201 ramener
566 1173 652 1201 aux
690 1161 834 1200 choses
864 1160 921 1199 du
951 1160 1043 1210 ciel,
1077 1159 1175 1212 quel
1205 1159 1337 1199 ennui
1373 1171 1481 1211 pour
1512 1158 1574 1199 toi
1605 1158 1750 1211 quand

166 1225 216 1265 tu
237 1225 298 1277 t’y
316 1226 507 1278 resignes
524 1226 534 1265 l

222 1291 432 1331 Pourtant
451 1291 480 1331 il
499 1303 550 1331 ne
571 1290 664 1331 faut
679 1290 832 1343 jamais
859 1302 902 1330 se
935 1290 1210 1342 decourager,
1250 1301 1374 1342 parce
1414 1301 1495 1342 quc
1533 1292 1627 1330 tout
1661 1288 1750 1331 celo⁴

167 1353 274 1395 n’est
293 1368 368 1408 pas
388 1356 439 1395 de
458 1357 500 1395 la
519 1356 636 1396 faute
656 1355 707 1395 de
726 1354 942 1404 l'homme,
965 1355 1070 1395 mais
1089 1355 1128 1395 16
1154 1356 1247 1407 plus
1280 1358 1458 1395 souvent
1489 1354 1588 1395 c’est
1618 1354 1748 1397 l‘effet

169 1418 283 1461 dela
303 1421 545 1473 corruption
568 1421 618 1461 de
639 1425 758 1461 notre
777 1424 939 1470 nature,
963 1433 1046 1473 que
1079 1424 1200 1461 notre
1231 1420 1363 1473 peche
1395 1433 1420 1460 a
1451 1420 1659 1472 depravee
1691 1434 1747 1463 au

167 1486 290 1539 point
310 1498 391 1539 que
411 1486 536 1527 l’eme
558 1487 735 1539 ne‘'peut
754 1498 933 1539 presque
953 1485 1048 1538 plus
1068 1486 1342 1526 commander
1361 1487 1386 1525 ὲ.
1412 1498 1475 1526 ses
1505 1488 1676 1538 pensees
1706 1489 1750 1527 et

168 1551 230 1591 les
266 1552 374 1591 tenir
404 1551 605 1591 fixement
641 1551 854 1591 attachees
892 1552 917 1590 ἐι
955 1551 1075 1590 Dieu.
1116 1551 1226 1591 Elles
1264 1550 1535 1603 s'echappent
1573 1552 1750 1593 aussitot

168 1615 355 1667 ailleurs,
377 1629 539 1657 comme
560 1629 617 1656 un
638 1617 797 1656 esclave
818 1616 978 1668 fugitis,
1011 1627 1108 1655 sans
1140 1628 1221 1667 que
1252 1615 1377 1656 l’time
1411 1615 1496 1655 s'en
1529 1617 1750 1668 apercoive

169 1683 214 1722 et
242 1693 271 1733 y
302 1682 444 1721 donne
476 1694 550 1721 sou
581 1682 869 1722 assentiment.
905 1681 1010 1721 C'est
1042 1681 1252 1734 pourquoi
1283 1681 1392 1721 saint
1423 1681 1559 1721 Basile
1593 1682 1745 1723 disait:

173 1761 194 1784 «
215 1746 276 1797 Si,
297 1748 322 1786 ἐι
340 1759 461 1787 cause
482 1748 533 1787 de
553 1748 594 1787 la
614 1747 806 1787 faiblesse
828 1760 910 1799 que
930 1747 967 1786 le
988 1747 1118 1799 peche
1138 1759 1242 1787 vous
1261 1759 1287 1786 a
1323 1746 1610 1796 occasionnee‚
1645 1759 1749 1788 vous

167 1823 224 1852 ne
242 1823 402 1864 pouvez
424 1813 591 1852 ohtenir
609 1813 660 1853 (16
679 1818 797 1852 votre
818 1812 949 1865 esprit
970 1812 1072 1864 qu’il
1093 1824 1135 1852 se
1155 1812 1239 1851 fixe
1274 1824 1369 1851 saus
1401 1812 1647 1852 ‹listraetion
1667 1813 1745 1853 du-

167 1880 268 1918 rant
286 1877 325 1917 la
345 1877 496 1930 lii-iere,
520 1878 641 1918 faites
662 1881 755 1917 tous
775 1891 847 1917 vos
867 1879 1012 1917 efforts
1033 1890 1139 1930 pour
1160 1891 1186 1927 y
1208 1877 1389 1925 resister,
1404 1878 1648 1917 faites-vous
1662 1877 1749 1918 vio·

166 1940 302 1991 leuce,
324 1943 544 1983 continuez
565 1945 590 1982 ἐι
609 1956 712 1983 vous
732 1943 843 1983 tenir
862 1956 914 1982 en
937 1944 976 1982 la
1006 1945 1205 1995 presence
1238 1942 1289 1982 de
1317 1942 1439 1992 Dieu,
1475 1947 1596 1983 tenez
1629 1945 1748 1983 votrc

169 2077 306 2115 sedens
328 2078 437 2124 juxta
468 2078 662 2122 incudem,
695 2083 731 2115 et
762 2079 939 2115 conside-
980 2078 1071 2114 locis
1103 2078 1291 2124 captivum
1317 2078 1410 2124 agis,
1442 2088 1556 2124 quarn
1586 2088 1670 2115 raro
1700 2078 1748 2116 ad

169 2135 259 2163 raus
290 2136 384 2172 opus
417 2126 517 2168 l'erri,
539 2137 603 2163 cor
634 2137 744 2162 suum
776 2127 877 2162 dabit
899 2127 939 2163 in

168 2174 540 2211 consummationem
561 2184 730 2220 operum.
753 2175 813 2211 Sic
842 2175 938 2219 ligu-

169 2220 230 2258 lns
250 2222 386 2257 sedens
404 2222 449 2257 ad
472 2232 566 2268 opus
586 2232 712 2264 suum,
735 2233 799 2258 col·
827 2233 937 2258 suum

168 2268 274 2305 dabit
307 2274 345 2305 ut
375 2274 614 2306 consummet
646 2270 875 2314 linitionem,
903 2275 939 2305 et

167 2316 297 2363 vigilia
318 2327 385 2352 ¹sua
407 2318 603 2353 mundavit
623 2318 828 2354 fornacem.
856 2332 868 2349 v·
895 2318 937 2353 Et

169 2362 210 2400 hi
231 2364 382 2410 quidem
399 2375 475 2401 non
493 2376 529 2400 re
547 2365 819 2401 ›rehendunlur
839 2365 935 2411 quod

169 2410 250 2447 suis
270 2376 615 2459 v1·‹,·‹=,nt0[›1·1·ti·us‚
643 2412 732 2459 quia
763 2414 846 2449 sine
882 2413 938 2448 llis

169 2468 250 2495 non
277 2460 487 2496 animentur
509 2471 577 2497 nec
598 2464 669 2496 stat
688 2460 819 2497 civitas
843 2476 851 2503 ;
874 2461 936 2496 sed

169 2505 210 2543 in
250 2504 320 2542 hoc
362 2507 583 2554 plerumque
622 2508 938 2555 reprehensibiles

167 2552 431 2598 inveniuntur,
453 2556 550 2601 quod
572 2565 658 2592 cum
690 2555 727 2592 in
762 2555 938 2592 manibus

168 2599 248 2638 suls
268 2607 433 2648 sperent,
457 2603 506 2638 ita
538 2603 642 2649 operl
675 2608 708 2639 et
742 2603 846 2639 lucro
874 2613 938 2639 cor

167 2645 339 2695 affigunt,
375 2655 409 2683 et
442 2650 479 2685 in
516 2651 614 2686 varia
641 2651 876 2697 dispergunt,
900 2655 938 2686 ul.

168 2704 258 2733 oum
272 2696 410 2732 divinis
431 2698 639 2734 vacandum
662 2703 717 2734 est
745 2698 935 2744 operibns,

168 2752 235 2781 eol·
253 2753 364 2780 uuum
389 2755 462 2780 non
487 2745 700 2788 invenianl;
724 2745 823 2782 unde
838 2746 878 2781 lit
899 2750 932 2781 ul

168 2796 361 2838 nequeant
382 2793 506 2828 dieu-re
528 2803 613 2828 enm
638 2793 773 2829 lmvide
797 2804 804 2829 :
831 2807 844 2824 α
872 2793 934 2829 Ιη-

168 2838 269 2876 venit
291 2848 419 2876 servus
441 2845 525 2875 tous
546 2851 610 2876 cor
631 2850 755 2885 suum,
781 2845 818 2876 ut
849 2850 935 2876 ora-

170 2890 225 2924 rot
258 2890 293 2923 te
323 2888 494 2924 oratione
528 2887 609 2924 liae.
636 2903 649 2921 »
674 2890 704 2921 t)
726 2898 804 2932 eor,
827 2888 936 2924 mise·

170 2942 253 2970 rum
274 2943 353 2978 cor,
375 2944 512 2971 vanum
543 2939 578 2971 et
612 2935 801 2979 instabile,
823 2945 935 2981 «iusim

167 2980 280 3020 (nollo
311 2982 408 3029 sugis
425 2993 447 3019 a
467 2981 591 3029 nobis,
613 2993 725 3031 quam
759 2983 870 3020 variis
896 2983 936 3020 in

978 2126 1145 2210 ⁰9⁰¹¹⁰⁵¹i²¹
1189 2126 1263 2162 nisi
1311 2135 1398 2162 cum
1444 2127 1554 2163 taedio
1592 2135 1748 2163 revoca-

979 2185 1029 2210 ris

1026 2220 1154 2267 Neque
1174 2224 1301 2256 tamen
1319 2219 1491 2255 animum
1513 2219 1748 2267 despondere

977 2269 1163 2315 quispiam
1185 2267 1310 2311 dehet,
1331 2268 1417 2349 (luia
1439 2268 1485 2321 M.
1519 2267 1670 2314 quando
1701 2277 1747 2305 ue

980 2327 1055 2353 non
1087 2321 1142 2352 est
1176 2316 1306 2352 vitiam
1356 2325 1521 2360 leminis,
1550 2315 1615 2351 sed
1643 2314 1677 2351 la
1707 2325 1746 2352 es

977 2368 1162 2410 corrupta}
1181 2367 1340 2407 naturae,
1357 2373 1440 2408 quae
1462 2374 1526 2408 pei·
1547 2367 1747 2409 peceatum

970 2412 1027 2448 'ita
1048 2411 1333 2456 estde1)1·uv.·11a‚
1367 2415 1404 2445 ut
1439 2421 1525 2446 [nox
1559 2412 1747 2457 imperare

977 2470 1055 2496 non
1083 2458 1199 2495 valeat
1226 2458 1352 2494 anima
1387 2459 1491 2493 omni
1525 2458 1747 2505 cogitationi

977 2516 1068 2551 siut»,
1090 2511 1125 2542 et
1146 2506 1185 2542 in
1208 2506 1280 2542 lleo
1308 2505 1410 2541 illam
1445 2506 1508 2541 diu
1546 2506 1660 2542 lixam
1688 2510 1746 2543 te-

977 2564 1067 2591 nere
1090 2564 1097 2590 :
1121 2554 1183 2589 sed
1209 2558 1245 2589 ut
1266 2563 1394 2589 servus
1417 2553 1593 2599 fugitivus
1619 2553 1746 2592 statim

976 2601 1050 2638 ulio
1071 2601 1248 2637 dilabitur
1269 2601 1351 2637 sine
1371 2601 1510 2637 annuae
1542 2611 1654 2638 sensu
1686 2600 1746 2639 vol

975 2659 1144 2686 assensu.
1173 2649 1274 2686 Unde
1295 2654 1448 2685 sanctus
1471 2649 1628 2686 Basilius
1649 2659 1745 2686 con-

976 2697 1050 2733 stit.
1090 2697 1285 2734 Monastic.
1321 2708 1355 2733 c.
1389 2708 1426 2733 n.
1455 2709 1468 2728 α
1491 2697 1528 2733 Si
1551 2700 1746 2753 propterea

976 2744 1073 2790 quod
1106 2757 1127 2780 a
1162 2748 1312 2790 peceato
1345 2743 1504 2780 debilior
1538 2755 1578 2781 cs
1608 2745 1743 2790 luctus,

978 2792 1048 2828 lioe
1080 2803 1100 2827 a
1135 2792 1253 2838 teipso
1288 2793 1487 2838 impetrare
1517 2802 1594 2828 non
1622 2795 1743 2838 potes,

975 2840 1067 2922 (luia
1107 2840 1333 2886 quandoque
1371 2840 1461 2876 dum
1496 2849 1580 2876 oras
1612 2838 1742 2876 animo

975 2899 984 2923 (
1004 2887 1208 2932 istrahel-is,
1232 2887 1375 2924 enitere
1407 2891 1537 2924 eontra
1559 2891 1744 2932 quantum

988 2939 1095 2980 letes,
1128 2939 1164 2971 et
1199 2934 1266 2971 tibi
1297 2935 1372 2972 vim
1402 2934 1508 2979 affor,
1541 2938 1576 2970 et
1614 2944 1744 2972 coram

993 2987 1052 3020 ›eo
1077 2987 1175 3020 stare
1194 2993 1404 3030 persevera,
1428 2985 1669 3030 mentemque
1701 2981 1743 3019 in
