1884 3164
82 33 93 63 τ’
151 34 174 54 ·”

59 74 90 133 if
158 92 193 104 ²

118 147 121 149 -
180 179 308 233 esprit
325 179 410 221 fixa
428 191 502 221 sur
516 179 579 221 lui
595 164 639 222 εὶ
653 183 927 238 ramenez-l'y
947 187 1092 239 quand
1110 187 1142 229 il
1160 187 1247 231 s’en
1267 192 1432 245 ecarte3
1454 196 1489 236 si
1510 210 1611 239 vous
1631 168 1755 245 faites

636 2 637 6 ,
679 11 683 15 .
699 0 758 20 vqmv
813 0 823 10 a·

555 94 782 141 emonam
807 96 1035 149 amnena·
1049 101 1181 145 Arnas
1207 112 1376 150 mones.
1672 111 1751 164 221

177 243 300 295 ainsi,
320 245 424 285 Dieu
443 256 547 285 vous
564 245 848 298 pardonum,
870 261 996 302 parce
1016 264 1098 304 que
1118 266 1164 295 ce
1183 255 1292 297 n'est
1318 258 1441 310 point
1471 274 1548 313 par
1577 267 1750 320 mom-is,

177 309 286 352 main
304 321 382 362 par
399 309 608 360 faihlesse‚
631 323 714 365 que
731 325 836 354 vous
872 327 927 356 ne
965 328 1128 369 pouvez
1165 332 1270 361 vous
1309 323 1422 364 tenir
1457 325 1610 368 devant
1645 331 1752 375 Dieu

174 386 336 417 comme
356 373 386 414 il
404 375 644 418 convenait.
666 391 688 414 »
712 378 849 429 Aussi‚
871 393 931 421 un
951 383 1108 424 conseil
1128 385 1332 428 excellent
1350 391 1413 429 est
1425 390 1535 431 celui
1550 405 1631 445 que
1644 408 1751 439 nous

172 437 361 481 donnent
380 439 442 480 les
461 440 608 493 seium,
636 443 661 482 ὁ,
680 444 822 484 savoir
841 457 939 498 que,
963 447 1132 502 lorsque
1150 462 1256 491 nous
1276 465 1330 493 ne
1358 467 1548 507 pouvons
1578 471 1652 511 pas
1681 474 1749 503 re-

169 506 341 559 trouver
360 508 482 545 notre
501 517 618 547 coeur
637 508 662 547 a
681 520 804 549 cause
824 510 875 550 de
895 517 1017 553 notre
1038 514 1205 566 misere,
1227 529 1332 558 nous
1351 518 1637 575 devonsprier
1647 537 1750 568 avec

168 569 376 612 attention
396 573 438 610 et
459 572 646 612 recourir
666 584 720 614 au
743 586 860 615 coeur
879 576 930 617 de
948 578 1085 629 Jesus,
1109 579 1249 622 disant
1267 595 1368 624 avec
1387 585 1496 626 saint
1522 588 1712 632 Bet-nard
1735 607 1744 634 :

173 647 194 674 α
211 634 295 675 Μοί
315 635 426 675 aussi
440 635 517 687 J’ai
537 639 682 678 trouve
702 638 742 679 le
763 652 878 681 coeur
897 642 954 683 du
975 644 1066 694 Roi,
1091 644 1148 685 du
1169 646 1279 688 frere
1299 652 1341 689 et
1361 649 1413 691 de
1440 650 1569 704 l'ami,
1594 654 1632 695 le
1663 658 1746 698 mi-

164 699 451 742 sericordieux
467 702 603 752 Jews,
624 707 667 744 et
685 706 935 758 pourrais-je
948 708 1060 748 alors
1081 722 1133 750 ne
1152 723 1227 763 pas
1245 713 1386 766 prier?
1400 717 1495 767 Oui,
1507 718 1551 770 je
1572 721 1742 772 prierai.

162 764 214 807 Je
232 764 317 805 suis
335 766 542 807 vraiment
561 767 768 819 heureux,
791 783 863 811 car
881 784 981 812 mon
1002 786 1120 815 coeur
1139 780 1201 816 est
1221 790 1322 818 aveo
1352 781 1475 821 Jesus
1505 783 1667 836 (Tr-aite'
1696 786 1745 828 de

163 828 204 871 Ia
231 829 405 883 νήφει).
427 847 447 868 »
471 832 532 872 En
554 833 668 883 effet,
688 834 727 875 le
748 847 864 876 coeur
886 840 1140 890 tres-parfait
1165 845 1206 881 et
1238 844 1507 888 tres-nimam
1540 849 1592 890 do
1622 852 1744 895 Jesus

160 898 263 949 peut
292 896 487 949 suppleer
518 899 544 937 (1
570 898 909 952 l'imperfection‚
943 906 967 943 a
998 904 1041 944 la
1071 905 1251 958 flectent,
1284 911 1309 949 a
1340 909 1502 954 l'ennui
1533 915 1587 956 de
1620 922 1741 959 notre

161 971 277 1001 ooeur
295 961 538 1013 vagahond.

214 1026 359 1067 Sainte
379 1027 601 1080 Gevtrude,
627 1030 804 1071 recitant
825 1032 977 1074 l’offiee
1008 1035 1123 1076 divin
1155 1049 1259 1080 aveo
1291 1040 1350 1079 les
1381 1046 1523 1083 autres
1556 1046 1737 1100 morgen,

157 1089 428 1145 s'appliquait
448 1094 474 1132 a
492 1105 730 1146 prononcer
749 1108 849 1136 avec
869 1100 1078 1140 attention
1105 1102 1269 1156 chaque
1300 1110 1404 1146 mot.
1439 1109 1556 1158 Mais,
1574 1123 1739 1156 comme

157 1154 200 1196 la
219 1156 412 1196 faiblesse
431 1157 634 1199 humaine
653 1159 694 1199 la
714 1161 854 1201 faisait
873 1171 1051 1204 souvent
1070 1167 1237 1208 tomber
1249 1170 1354 1210 dans
1368 1173 1440 1212 des
1455 1173 1735 1228 distractions,

156 1219 237 1261 elle
257 1221 490 1262 s'attristait
510 1226 552 1263 et
572 1223 699 1265 disait
715 1238 768 1265 au
790 1226 950 1268 dedans
970 1229 1257 1273 d'elle-meme
1279 1247 1288 1273 :
1317 1249 1335 1272 α
1357 1238 1391 1276 Α
1413 1239 1512 1289 quoi
1540 1239 1624 1281 hou
1651 1255 1737 1287 uno

155 1285 411 1339 application
432 1287 507 1339 qui
527 1291 589 1328 est
608 1297 917 1344 accompagnee
937 1294 1065 1336 d'une
1085 1297 1183 1338 telle
1210 1298 1472 1343 instabilite?
1504 1319 1525 1340 »
1560 1305 1665 1348 Mais
1694 1309 1736 1351 io

155 1350 381 1402 Seigneur,
403 1352 579 1393 voulant
597 1354 640 1394 la
658 1357 863 1408 consoler,
894 1358 954 1398 lui
984 1363 1180 1412 presenta
1211 1376 1287 1404 son
1326 1378 1454 1416 coeur,
1496 1371 1735 1426 tres-digno

153 1417 287 1455 tresor
306 1415 357 1456 de
378 1420 468 1456 tout
503 1418 618 1468 bien,
640 1423 681 1460 et
700 1420 759 1460 lui
779 1422 841 1462 dit
864 1436 874 1462 ε
897 1439 918 1459 »
943 1426 1060 1466 Voici
1081 1439 1162 1479 que
1178 1428 1224 1480 j0
1242 1430 1359 1482 place
1381 1444 1480 1472 mou
1509 1446 1625 1476 coeur
1655 1438 1731 1480 de-

150 1483 254 1521 vant
270 1480 329 1521 les
347 1482 524 1533 regards
543 1483 593 1523 de
616 1487 688 1524 ton
709 1486 819 1538 ame,
833 1487 918 1527 afin
939 1501 1021 1541 que
1041 1494 1087 1530 tu
1106 1491 1167 1532 lui
1186 1497 1505 1537 recommandes
1520 1511 1622 1540 avec
1635 1515 1734 1544 eon-

147 1544 284 1587 fianee
305 1546 356 1586 de
377 1547 689 1599 perfectionum*
709 1562 754 1591 ee
775 1564 856 1605 que
878 1555 922 1592 tu
943 1566 995 1594 ne
1014 1567 1128 1607 peux
1147 1558 1325 1600 achever
1345 1561 1637 1614 toi-meme,et
1655 1567 1730 1610 des

147 1609 233 1651 lors
259 1613 398 1652 tontes
429 1615 491 1652 tes
523 1614 684 1655 actions
715 1617 1067 1670 m’apparaitront
1102 1623 1318 1675 parfaites.
1363 1642 1382 1663 ιι
1422 1629 1478 1668 Le
1516 1630 1730 1684 Seigneur

149 1674 296 1728 ajouta
317 1687 328 1716 :
353 1692 373 1713 «
394 1678 493 1718 Mon
514 1691 630 1720 coeur
648 1681 779 1731 divin,
803 1685 1073 1726 connaissant
1092 1686 1135 1727 la
1165 1688 1355 1742 fragilite
1387 1695 1429 1732 et
1461 1693 1725 1740 rinstahilius

145 1739 368 1793 humaine,
390 1743 536 1784 attend
555 1747 598 1785 et
616 1745 751 1788 desire
772 1749 963 1800 toujours
982 1763 1064 1803 que
1085 1754 1131 1792 tu
1150 1752 1211 1793 lui
1231 1756 1401 1805 confles,
1424 1758 1545 1799 sinon
1567 1772 1621 1801 en
1647 1774 1726 1816 pa·

142 1849 1720 1884 Ἣ

142 1905 254 1944 illum
314 1907 478 1945 defixam
516 1914 616 1957 tene,
648 1911 845 1958 ipsamque
865 1915 910 1950 ad
951 1915 1102 1961 singula
1149 1919 1261 1956 verba
1296 1926 1438 1959 attente
1474 1927 1724 1970 pronuntiat-o

143 1954 309 2002 seipsum
329 1956 482 1992 advoca.
496 1956 533 1993 Si
555 1958 604 1994 ita
625 1959 770 2004 seceris,
788 1961 913 2005 ignos-
951 1964 1135 2001 studebat.
1151 1967 1222 2002 Sed
1243 1978 1330 2004 cum
1351 1980 1394 2005 ex
1418 1970 1638 2010 infirmitate
1654 1975 1721 2013 bu-

142 2005 201 2038 cet
222 2001 288 2038 tibi
311 2003 424 2047 Deus,
446 2004 532 2050 quia
553 2016 630 2041 non
650 2017 695 2042 ex
717 2012 911 2054 contemp·
951 2021 1061 2047 mana
1108 2023 1207 2059 saepe
1251 2015 1538 2062 distraheretur,
1585 2025 1721 2060 moesta

142 2049 257 2095 tione,
290 2051 354 2086 sed
382 2062 427 2087 ex
460 2052 681 2090 infirmitate
719 2065 763 2091 eo
797 2058 909 2096 modo
947 2058 1041 2094 dixit
1063 2059 1162 2096 inti-a
1181 2071 1222 2097 se
1244 2072 1274 2098 :a
1293 2063 1335 2098 Et
1353 2067 1452 2110 quis,
1470 2066 1553 2103 heu!
1574 2068 1718 2109 fruetus

140 2106 214 2143 quo
234 2108 302 2144 par
317 2103 407 2143 erat,
443 2109 570 2136 coram
605 2101 679 2138 Deo
712 2107 808 2139 stare
831 2115 907 2140 non
948 2107 1145 2151 provenire
1177 2114 1297 2154 potest
1329 2122 1374 2147 ex
1409 2112 1480 2150 hoc
1510 2116 1635 2154 studio
1653 2118 1719 2157 cui

138 2144 252 2181 vales·
293 2159 307 2177 n
347 2146 450 2182 Unde
482 2148 685 2185 consilium
717 2151 904 2197 optimum

137 2196 193 2228 est
212 2192 449 2237 Sanctorum,
471 2196 621 2241 quando
643 2207 708 2234 coi·
734 2204 904 2235 nostrum

136 2238 184 2276 ob
204 2240 396 2277 miseriam
430 2247 596 2279 nostram
617 2244 678 2281 vix
700 2256 904 2291 possumus

136 2287 300 2333 reperire
320 2293 360 2324 ut
385 2299 534 2326 oremus
564 2292 733 2328 oratione
763 2298 904 2330 attenta

134 2337 171 2371 ot
190 2335 369 2382 perfecta,
390 2347 582 2374 recurrere
601 2339 647 2375 ad
668 2350 732 2376 eor
751 2341 853 2383 Jesu,
868 2347 903 2378 et

133 2380 260 2419 dicere
278 2392 366 2420 cum
395 2383 500 2422 beato
522 2386 725 2431 Bernardo,
745 2394 900 2426 tractatu

133 2428 181 2465 de
210 2429 284 2466 vite
303 2441 311 2466 :
338 2445 351 2462 «
375 2431 419 2467 Et
439 2443 507 2477 ego
529 2433 659 2470 inveni
690 2445 755 2471 cor
775 2436 898 2483 Regis,

131 2474 258 2513 fratris
300 2481 336 2513 et
379 2479 493 2516 amici
531 2481 687 2525 benigni
723 2483 827 2528 Jesu,
865 2489 901 2521 ot

132 2523 318 2569 numquid
339 2535 417 2561 non
437 2526 584 2565 orabo?
609 2529 732 2566 orabo
754 2532 895 2578 utique.

132 2568 233 2606 Bene
253 2581 340 2617 ergo
361 2573 469 2610 mibi.
491 2575 568 2621 Ego
596 2586 684 2612 cum
712 2578 800 2614 Jesu
833 2589 898 2615 coi·

130 2626 259 2654 meum
280 2618 412 2656 habeo.
438 2635 451 2652 n
477 2622 563 2660 Haeo
583 2623 661 2660 ille.
675 2624 818 2671 Nempe
832 2636 897 2663 coi·

128 2664 216 2701 Jesu
237 2666 553 2711 perfectissimum
585 2675 621 2706 et
651 2673 792 2708 amoris
812 2674 895 2719 ple-

127 2712 331 2749 nissimum
352 2715 527 2761 supplere
546 2721 666 2764 potest
691 2719 894 2766 imperfec-

128 2759 287 2805 tionem,
334 2765 515 2810 teporem,
563 2766 718 2806 taedium
769 2769 894 2806 coi-dis

126 2807 245 2844 nostri
268 2808 492 2854 vagabundi.

173 2854 235 2892 Sic
253 2854 371 2893 beatae
392 2858 584 2896 Get-trudis
602 2858 775 2898 divinum
805 2861 892 2899 ossi-

126 2899 231 2942 oium
248 2913 337 2943 cum
355 2904 442 2943 aliis
459 2905 675 2955 Virginibus
693 2918 890 2960 peragens,

948 2157 1048 2189 tanta
1070 2155 1297 2194 instabilitas
1317 2163 1372 2194 est
1403 2161 1717 2206 conjunctahat

949 2200 1130 2238 Dominus
1150 2204 1281 2241 volens
1301 2216 1383 2242 eam
1405 2210 1606 2256 consolari,
1622 2222 1717 2258 proe-

945 2250 1104 2285 sentavit
1125 2250 1181 2286 ilii
1202 2251 1469 2297 dignissimum
1483 2256 1579 2295 illud
1599 2260 1713 2299 totius

945 2294 1031 2331 boni
1071 2299 1385 2347 gazophilacium,
1413 2312 1479 2339 cor
1514 2315 1642 2351 suum,
1674 2311 1714 2347 et

941 2342 1035 2379 dixit
1075 2355 1083 2380 ;
1129 2358 1143 2376 α
1185 2347 1282 2383 Eece
1320 2359 1384 2386 cor
1423 2360 1549 2388 meum
1587 2353 1711 2393 oculis

942 2391 1079 2427 mentis
1119 2398 1191 2430 tuae
1228 2397 1436 2441 puniendo,
1474 2399 1535 2435 cui
1579 2402 1711 2441 omnia

940 2447 1023 2483 quae
1061 2450 1127 2485 per
1161 2445 1196 2478 te
1229 2443 1357 2479 minus
1389 2444 1569 2490 perticere
1598 2454 1708 2495 potes

938 2486 1169 2530 perficienda
1189 2500 1257 2535 pro
1290 2494 1325 2526 te
1354 2490 1578 2532 fiducialiter
1597 2506 1708 2534 coln·-

939 2534 1150 2578 mendabiS,
1172 2543 1207 2572 et
1228 2537 1278 2573 ita
1297 2548 1425 2576 coram
1457 2542 1578 2579 oculis
1608 2545 1706 2582 meis

935 2581 1169 2626 apparebunt
1190 2586 1366 2630 perfecta.
1392 2601 1406 2619 ι
1430 2588 1580 2627 Addidit
1604 2602 1704 2638 quo·-

936 2637 1007 2673 que
1028 2629 1211 2666 Dominus
1228 2642 1259 2667 :u
1277 2633 1382 2671 Certe
1401 2639 1703 2677 cormeumdivi-

936 2685 1043 2719 nuni,
1067 2676 1274 2716 humanam
1302 2680 1558 2731 fragilitatem,
1579 2687 1703 2724 insta-

935 2721 1194 2771 bilitatemque
1244 2738 1500 2776 cognoscens,
1551 2743 1701 2781 semper

933 2779 1021 2807 eum
1051 2771 1236 2811 desiderio
1267 2781 1452 2822 expectat,
1489 2786 1528 2816 ut
1560 2781 1592 2817 si
1620 2792 1700 2820 non

933 2818 1070 2863 verbis,
1090 2820 1223 2858 saitem
1242 2824 1469 2870 cogitatione
1484 2828 1698 2868 committas

931 2864 966 2901 ei
1009 2867 1279 2916 supplendum,
1317 2874 1612 2919 emendandum,
1649 2886 1698 2914 aa

928 2913 1206 2960 perficiendum
1244 2919 1346 2966 quod
1390 2921 1519 2958 miuus
1548 2932 1622 2969 per
1657 2927 1697 2962 ot
