1826 3164
241 145 320 187 644
667 158 716 188 LE
746 158 947 189 RA'rlouAL
973 159 1047 190 nsss
1075 153 1390 193 PREDIGATEURS.

272 329 604 407 SEPTJEME
641 347 987 408 DIMANGHE
1023 334 1238 410 APRES
1271 351 1361 410 LA
1397 352 1782 415 PENTEGOTE

1052 519 1230 553 Attendite
1265 530 1287 553 a
1323 521 1425 563 falsis
1454 522 1633 565 Prophetis
1662 525 1723 567 qui
1751 534 1809 559 ve-

1090 567 1193 600 niunt
1222 568 1273 600 ad
1300 578 1358 601 vos
1385 569 1423 602 in
1453 571 1662 605 vestimentis
1679 572 1807 614 ovium,

1092 615 1154 647 etc.

1051 661 1290 695 Gardez-vous
1321 662 1384 696 des
1414 663 1501 697 faux
1519 666 1722 708 prophetes,
1744 667 1808 710 qui

1091 709 1266 742 viennent
1283 711 1305 742 ὲ
1322 720 1414 744 vous
1433 715 1597 746 couverts
1621 713 1665 746 de
1686 723 1807 756 peaux

1093 756 1136 789 de
1149 756 1281 796 brebis,
1303 759 1368 791 ete.

800 802 984 847 (Evanqile
1006 802 1101 837 selon
1114 804 1208 837 saint
1224 804 1406 838 Matthieu.
1424 806 1521 850 ckap.
1535 817 1592 848 vu,
1616 811 1648 846 Ῡ.
1671 810 1740 852 15.)

287 957 344 996 1⁸¹
361 956 503 996 Pom'r.
536 976 590 983 —
620 953 793 1005 Chaque
825 953 904 993 fois
945 965 1025 1005 que
1062 954 1422 1006 Notre-Seigneur
1458 968 1564 996 nous
1600 956 1661 997 dit
1698 957 1804 1000 dans

231 1021 467 1073 l'Evangile
490 1033 500 1060 z
525 1034 543 1056 α
566 1017 781 1069 Attendite,
799 1018 1087 1070 gardez-vous,
1109 1034 1130 1055 »
1153 1019 1241 1059 cela
1259 1019 1434 1072 indique
1453 1033 1511 1060 un
1533 1021 1639 1073 peril
1658 1023 1800 1074 cache,

230 1099 338 1141 pour
356 1086 496 1139 lequel
515 1084 545 1125 il
564 1085 656 1125 faut
675 1084 894 1137 employer
920 1096 1002 1123 une
1031 1083 1208 1125 lumiere
1228 1084 1451 1137 vigilante,
1472 1085 1557 1126 afin
1578 1086 1631 1126 de
1650 1088 1805 1139 garder

230 1156 352 1193 notre
389 1153 498 1201 eme,
532 1150 763 1203 regen-dant
799 1150 851 1190 de
887 1150 978 1189 cote
1014 1152 1057 1189 et
1093 1149 1270 1200 d'autre‚
1305 1150 1575 1191 considerant
1612 1164 1690 1193 nos
1725 1152 1799 1194 de-

229 1217 421 1258 marches
441 1220 483 1256 et
503 1228 580 1255 nos
599 1218 725 1262 actes,
747 1214 798 1254 de
819 1226 924 1266 peur
943 1214 995 1253 de
1014 1213 1179 1254 tomber
1197 1215 1302 1254 dans
1321 1215 1360 1254 le
1379 1215 1543 1268 danger
1562 1217 1706 1258 cache.

282 1282 415 1332 Ainsi,
438 1283 479 1322 1⁰
506 1282 701 1320 «Prenez
741 1279 871 1332 garde
906 1279 958 1319 de
987 1291 1040 1319 ne
1072 1291 1145 1331 pas
1182 1279 1289 1320 faire
1327 1293 1401 1320 vos
1436 1281 1598 1322 bonnes
1635 1294 1802 1325 oeuvres

229 1348 385 1389 devant
403 1347 463 1387 les
481 1346 673 1386 hommes
691 1357 799 1398 pour
820 1357 872 1385 en
893 1345 983 1384 etre
1000 1357 1089 1384 vus.
1115 1343 1274 1397 (Mattlz.
1298 1356 1355 1393 vl,
1380 1345 1438 1398 1.)
1458 1361 1478 1382 »
1508 1347 1568 1386 Le
1599 1359 1642 1387 se
1670 1349 1802 1390 cache

227 1413 268 1454 le
286 1413 449 1465 danger
468 1412 519 1452 de
539 1411 580 1451 le.
598 1411 720 1451 vaine
742 1410 877 1463 gleire
897 1415 938 1449 et
956 1410 1007 1450 de
1027 1409 1215 1450 l'enssure
1235 1410 1292 1450 du
1312 1423 1441 1460 coeur,
1465 1414 1507 1452 et
1521 1454 1522 1457 ,
1537 1411 1568 1452 il
1595 1417 1697 1454 veut
1716 1425 1800 1467 que

226 1491 334 1519 nous
364 1476 557 1518 veillions
588 1479 631 1516 et
649 1487 732 1528 que
753 1487 860 1515 nous
879 1475 1078 1527 prenions
1109 1475 1454 1528 soigneusement
1476 1477 1606 1529 garde
1638 1479 1664 1518 ὁ,
1691 1479 1796 1520 cela.

226 1543 363 1592 Aussi,
398 1542 510 1583 saint
545 1542 653 1583 Jean
691 1540 1004 1593 Chrysostome,
1039 1544 1328 1581 commentarit
1377 1554 1422 1582 ee
1469 1546 1619 1592 verset,
1653 1542 1796 1585 dit-il:

229 1622 250 1648 a
271 1610 383 1649 Nous
403 1608 560 1648 devons
578 1606 758 1660 prendre
779 1605 909 1658 garde
929 1607 954 1644 a
973 1609 1094 1646 notre
1114 1618 1245 1646 eoeur.
1267 1605 1300 1646 Il
1332 1605 1458 1658 s'agit
1488 1618 1540 1647 en
1569 1607 1669 1648 effet
1697 1608 1799 1650 d’un

223 1677 395 1727 serpent
411 1672 621 1721 invisible,
643 1671 746 1724 qu'il
764 1683 870 1711 nous
888 1673 949 1710 est
968 1670 1213 1711 commende
1233 1670 1284 1710 de
1304 1670 1671 1724 surveiller,paroe
1691 1672 1798 1726 qu’il

224 1743 343 1780 entre
362 1740 638 1779 seeretement
657 1740 698 1776 et
718 1748 825 1776 nous
851 1735 1002 1775 seduit.
1036 1734 1268 1787 Lorsqu’on
1301 1735 1379 1776 fait
1410 1748 1494 1777 une
1525 1737 1666 1777 action
1701 1738 1796 1790 glo-

221 1804 372 1852 rieuse,
396 1803 437 1843 la
455 1803 578 1843 vaine
611 1801 743 1852 gloire
776 1804 922 1840 trouve
953 1801 1046 1852 plus
1076 1800 1281 1840 aisement
1314 1813 1359 1840 sa
1390 1801 1522 1853 place.
1559 1801 1690 1854 (Com.
1724 1815 1796 1844 sur

224 1869 272 1910 S.
296 1868 507 1909 Matthieu.
530 1867 651 1907 Hom.
672 1877 755 1914 xlx,
782 1865 837 1918 l.)
859 1881 879 1901 »

274 1936 317 1975 2⁰
339 1932 711 1980 Semblablement‚
736 1932 773 1971 le
794 1931 1003 1982 Seigneur
1023 1930 1085 1970 dit
1108 1943 1117 1970 ε
1142 1946 1160 1966 (ι
1186 1930 1465 1971 Gardez-vous
1485 1931 1542 1972 du
1561 1932 1700 1974 levain
1720 1933 1796 1976 des

220 1999 474 2048 Pharisiens,
499 1998 570 2050 qui
591 2001 652 2037 est
673 1995 954 2049 l'hypoerisie,
976 2008 1046 2035 car
1066 1995 1096 2035 il
1117 1995 1188 2048 n'y
1208 2007 1233 2035 a
1251 1996 1343 2036 rien
1364 1996 1415 2036 de
1435 1995 1558 2037 cache
1578 1998 1651 2051 qui
1676 2010 1729 2039 ne
1748 2011 1794 2041 se

1022 2155 1083 2192 Sic
1106 2165 1113 2191 :
1135 2168 1148 2186 «
1168 2155 1353 2191 Attendite
1374 2167 1421 2193 ne
1443 2156 1585 2194 faciatis
1601 2157 1790 2203 justitiam

419 2188 675 2229 ΠΟΜῙΝῙΟΑ
706 2187 777 2227 VH
1024 2206 1180 2238 vestram
1200 2212 1326 2239 coram
1350 2203 1582 2251 hominibus,
1598 2209 1638 2241 ut
1659 2205 1786 2243 videa-

330 2243 463 2284 POST
493 2240 874 2283 PENTECOSTEM
1023 2249 1116 2286 mini
1136 2250 1182 2286 ab
1203 2250 1269 2286 eis.
1296 2265 1309 2281 »ι
1335 2250 1478 2297 Nempe
1503 2251 1554 2289 ibi
1584 2252 1672 2290 latet
1691 2253 1790 2308 peri-

1020 2297 1150 2334 eulum
1191 2308 1295 2333 vanae
1325 2297 1454 2342 gloriae
1483 2303 1515 2335 ot
1546 2299 1723 2338 elationis
1742 2301 1788 2340 in

533 2341 817 2374 manauearams
829 2340 983 2376 prophetis
1021 2349 1161 2388 mente,
1189 2344 1272 2381 ideo
1305 2345 1381 2381 vult
1415 2356 1483 2382 nos
1516 2345 1604 2383 huie
1626 2347 1678 2384 rei
1699 2347 1787 2386 dili·
1823 2346 1826 2384 :

568 2378 981 2443 gg‘ugfiffiffssffvss‘ssnvgfcf'*
1018 2396 1148 2436 gunter
1167 2391 1384 2437 advigilare,
1406 2397 1441 2429 et
1462 2394 1688 2440 prospicere.
1714 2395 1787 2434 Un-
1825 2407 1826 2410 ’

754 2436 943 2483 (Μιιιὴ.’νιι.)
1018 2436 1064 2475 de
1102 2443 1254 2476 sanctus
1292 2440 1579 2485 Chrysostomus
1616 2442 1656 2479 iu
1695 2452 1785 2482 eum

1018 2485 1143 2524 locum
1165 2487 1219 2523 sie
1239 2486 1330 2523 dicit
1352 2498 1359 2523 :
1388 2502 1401 2521 α
1425 2490 1495 2525 Cor
1521 2493 1691 2527 nostrum
1722 2494 1785 2528 at-

260 2533 384 2577 Magni
407 2533 588 2570 momenti
610 2531 802 2587 quidpiam
830 2531 975 2569 indiea-
1017 2534 1169 2571 tendere
1206 2534 1400 2572 debemus.
1437 2535 1642 2574 Invisibilis
1679 2538 1783 2576 enim

211 2584 285 2624 tur,
305 2581 451 2627 quoties
485 2581 669 2618 Dominus
701 2590 740 2616 in
775 2578 976 2622 Evangelio
1016 2585 1071 2617 est
1103 2593 1272 2629 serpens,
1302 2593 1413 2629 quem
1446 2582 1644 2622 observare
1674 2585 1784 2632 jube-
1823 2619 1826 2622 .

209 2627 320 2666 nobis
339 2628 431 2665 dicit
452 2639 461 2665 ε
487 2644 500 2658 n
526 2628 725 2665 Attendite.
749 2642 761 2659 n
783 2627 977 2670 Siguilica-
1016 2639 1114 2674 mur,
1135 2641 1142 2663 ι
1163 2630 1223 2666 uia
1250 2630 1407 2667 latenter
1435 2631 1472 2667 in
1503 2631 1643 2669 roditur
1662 2636 1699 2669 et.
1718 2642 1781 2671 se·
1823 2660 1826 2669 .

209 2681 269 2713 tur
288 2675 390 2712 enim
413 2675 566 2712 subesse
585 2674 736 2722 aliquod
765 2671 973 2721 periculum
1013 2677 1129 2714 ducit.
1147 2641 1222 2714 ¹Ubi
1242 2680 1345 2714 enlm
1367 2688 1426 2714 res
1450 2690 1472 2723 g
1489 2678 1612 2716 oriosa
1639 2679 1776 2727 agitur,

209 2723 248 2761 in
269 2722 504 2768 abscondito,
536 2723 585 2759 ltu
618 2728 655 2759 ut
691 2721 908 2769 pervigilem
928 2723 971 2758 ad
1015 2723 1064 2760 ibi
1085 2724 1256 2771 gloriatio
1273 2724 1419 2763 facilius
1433 2725 1559 2763 locum
1579 2726 1736 2764 invenit.
1757 2742 1773 2763 ι
1822 2730 1826 2769 ’;

207 2770 415 2809 custodium
462 2775 627 2806 nostram
673 2769 812 2807 animm
850 2769 972 2806 lucem
1059 2772 1094 2809 2.
1117 2772 1298 2809 Similiter
1318 2772 1408 2810 dicit
1441 2773 1654 2811 Dominus:
1682 2788 1696 2807 α
1719 2774 1778 2812 At-

208 2818 383 2866 proel'erre
412 2821 594 2864 oportent,
619 2821 656 2853 ut
687 2816 971 2863 circunmpicia-
1013 2819 1154 2857 tendito
1192 2831 1213 2856 a
1252 2820 1435 2858 formento
1487 2821 1776 2869 Pharisaeorum,
1814 2833 1819 2843 ¹

208 2875 294 2903 mus
327 2863 436 2903 nobis
464 2865 724 2911 urulequaque,
759 2868 795 2900 ot
825 2875 972 2910 grossus
1012 2866 1110 2913 quod
1131 2871 1186 2903 est
1208 2866 1428 2915 hypocrisis.
1452 2867 1556 2906 Nihil
1582 2869 1686 2907 enlm
1713 2879 1777 2907 oe-

209 2918 358 2951 nostros
389 2916 569 2959 actusque
600 2912 897 2956 consideremus,
925 2923 972 2949 no
1011 2914 1169 2959 cultum,
1190 2915 1288 2961 quod
1322 2926 1399 2952 non
1433 2915 1630 2961 reveletur,
1652 2925 1775 2964 neque

205 2959 249 3000 ia
297 2959 512 3009 perieulum
549 2959 701 2999 latitans
743 2959 969 2999 incidamus.
1010 2960 1274 3002 absconditum
1311 2963 1411 3012 quod
1441 2973 1521 3003 non
1557 2963 1710 3004 sciatur.
1753 2973 1774 3001 κ
