1884 3164
1634 9 1640 33 1

514 132 666 163 8880118
692 131 907 162 umacus
934 122 1062 163 8111115
1093 130 1266 166 1108115.
1605 122 1682 163 135

107 216 261 266 ments,
282 225 353 254 car
371 215 420 254 tu
439 210 737 264 n'echapperas
757 209 880 263 point
897 221 951 250 au
966 208 1196 262 jugement
1214 207 1266 248 de
1287 207 1408 248 Dieu.
1429 208 1590 249 N’as-tu
1606 218 1683 262 pas

107 278 239 320 1101118
257 277 387 319 d’etre
405 275 558 317 vaincu
586 287 664 328 par
684 276 735 316 de
754 275 882 328 petits
908 273 1108 315 enfants?
1137 274 1251 314 Nous
1281 284 1335 313 ne
1365 275 1534 313 sentens
1563 274 1687 326 point

106 356 183 385 nos
205 344 457 392 tourments,
480 346 523 382 et
541 343 590 381 tu
610 353 653 382 es
671 340 767 394 plus
786 340 1027 381 1081818818
1047 350 1130 392 que
1148 350 1271 379 nous.
1290 354 1309 375 ³>

160 409 216 450 Le
234 409 374 463 tyran,
398 409 559 459 voyant
576 405 678 459 qu'il
698 418 752 446 ne
775 405 954 459 gagnait
980 405 1090 456 rien,
1112 404 1306 444 ordonna
1324 403 1375 443 de
1394 406 1489 444 tuer
1506 402 1689 454 Babylas

108 475 150 515 et
167 473 227 513 les
246 471 414 513 enfants
434 473 459 511 ἐι
477 484 605 524 coups
625 471 786 524 d’epee.
806 471 860 511 Et
890 469 1074 523 Bahylas
1093 468 1271 522 repetait
1294 481 1304 508 :
1324 482 1344 506 «
1365 468 1432 509 Me
1459 467 1570 509 voici
1587 478 1691 508 avec

106 537 167 580 les
187 537 354 578 enfants
373 549 455 590 que
474 537 515 578 18
537 537 749 588 seigneur
767 536 852 576 m’a
871 535 1032 575 donnes
1051 546 1102 575 811
1132 534 1252 587 signe
1270 533 1322 573 de
1342 532 1494 585 gleire.
1511 548 1532 569 »
1555 533 1608 573 Et
1625 531 1689 574 les

108 603 289 652 enfants,
312 602 482 643 baisant
500 614 564 642 ses
583 601 737 652 mains,
758 600 938 641 disaient
961 614 970 641 :
997 615 1018 637 «
1038 601 1071 641 Ο
1091 601 1205 653 pere,
1229 600 1254 638 ὁ
1273 599 1359 639 bon
1380 600 1571 648 Pasteur,
1586 598 1685 651 quel

108 667 301 721 bonheur
320 679 428 721 pour
454 680 575 717 nous,
597 667 633 706 si
663 679 771 707 nous
803 678 1005 706 mourons
1037 677 1139 706 avec
1169 664 1299 704 vous!
1316 679 1338 701 »
1359 665 1413 704 Et
1442 663 1503 703 lui
1524 677 1535 703 :
1555 679 1576 700 «
1597 662 1692 704 Sei-

111 745 262 787 38881,
285 745 408 786 soyez
427 732 541 784 beni,
562 744 666 773 vous
698 731 770 784 qui
798 743 898 772 avez
917 730 997 771 tire
1028 743 1113 771 une
1145 729 1331 782 louange
1349 729 1531 782 parfaite
1562 728 1615 769 de
1646 728 1690 768 18

107 798 271 840 boucha
291 797 363 838 des
383 798 564 847 enfants,
588 797 673 838 ufin
694 797 745 837 de
774 796 962 837 detruire
981 794 1181 836 l'ennemi
1212 798 1255 835 81
1284 795 1324 835 18
1354 796 1640 847 persecuteur.
1662 806 1684 831 n

109 863 225 912 Puis,
247 863 307 904 les
326 867 458 916 ayant
476 862 627 913 baises,
651 862 739 902 l'un
759 862 881 914 apres
899 861 1066 910 l’autre,
1088 861 1118 900 il
1139 860 1199 900 les
1218 860 1324 900 livre.
1342 871 1428 900 aux
1447 859 1689 900 bourreaux

108 941 217 983 pour
234 928 323 969 8118
343 928 511 981 frappes
532 940 627 967 sous
648 939 711 968 ses
730 939 857 980 yeuX,
880 929 923 967 et
940 938 984 966 se
1003 925 1110 966 livra
1140 925 1255 966 enfin
1280 924 1520 965 lui-meme.
1541 923 1690 964 Eleves

108 993 336 1044 ensemble,
365 994 602 1034 couronnes
640 992 867 1042 ensemble,
899 991 949 1031 its
980 991 1068 1031 s’en
1103 990 1283 1031 81181881
1319 1002 1374 1031 811
1410 990 1502 1039 8181,
1515 999 1690 1030 ,commo

110 1061 259 1113 quatre
279 1058 482 1109 victimes,
505 1058 545 1099 18
564 1062 735 1111 pasteur
754 1069 856 1098 avec
872 1056 932 1098 les
954 1056 1054 1096 trois
1070 1067 1283 1108 agneaux.

110 1194 183 1239 las,
204 1194 296 1231 dum
328 1205 462 1241 poenas
493 1204 661 1240 aggeras,
684 1198 721 1230 tu
753 1198 879 1230 autem
918 1193 1007 1230 riter
1043 1192 1372 1229 consummemur!
1415 1206 1432 1226 ι
1474 1190 1518 1226 At
1555 1190 1638 1236 ipse
1676 1199 1689 1227 :

108 1252 192 1280 11011
212 1240 369 1288 effugies
385 1242 572 1296 Judicium
600 1242 678 1277 Dei.
712 1240 769 1277 An
800 1250 880 1277 non
923 1240 1185 1276 «Benedictus
1205 1250 1260 1283 es,
1283 1239 1456 1283 Domine,
1472 1237 1537 1284 qui
1557 1247 1603 1274 ex
1622 1246 1690 1275 oro

110 1289 304 1327 erubescis
323 1300 347 1326 a
364 1289 515 1336 pusillis
536 1289 658 1326 vinci
650 1291 665 1316 ¹·
684 1288 769 1326 Non
790 1299 879 1324 sen·
919 1287 1126 1325 infantium
1146 1269 1338 1334 perfe'cisti
1361 1286 1525 1331 taudem,
1538 1289 1579 1321 ut
1597 1284 1685 1322 des-

112 1337 228 1374 timus
238 1341 439 1382 tormenta
450 1340 488 1372 tu
511 1338 632 1380 magis
646 1336 876 1372 cruciaris.»
920 1340 1022 1372 111183
1042 1335 1244 1372 1811818881
1264 1339 1300 1371 81
1321 1333 1534 1370 ultorem.»
1550 1332 1612 1370 Sic
1622 1342 1689 1371 os-

111 1384 207 1422 Cum
232 1384 330 1421 nibil
349 1365 548 1431 proficeret
568 1384 783 1429 Tyrannus,
801 1383 880 1429 jus-
919 1383 1067 1419 culatus
1085 1382 1256 1429 singulos
1277 1382 1431 1418 tradidit
1470 1380 1688 1427 tortoribus,

111 1431 414 1486 susesttssabylas
428 1431 742 1468 cuminfantibus
756 1430 880 1477 gladio
919 1430 1021 1466 utin
1042 1440 1111 1466 sua
1147 1429 1350 1476 praesentia
1385 1432 1687 1483 percuterentur,

111 1478 271 1526 percuti.
312 1478 467 1516 Dicebat
528 1482 655 1515 autem
707 1478 876 1514 iterum:
919 1478 1146 1532 posmodum
1167 1477 1319 1514 tradidit
1339 1480 1375 1512 et
1387 1486 1566 1522 selpsum
1589 1475 1691 1513 Pari-

117 1540 132 1560 «
153 1527 252 1564 Ecce
270 1536 339 1574 ego
359 1531 395 1563 et
420 1526 530 1573 pueri
555 1526 631 1563 mei
651 1536 745 1572 quos
776 1526 880 1562 dedit
920 1530 974 1561 ter
995 1525 1109 1571 igitur
1141 1525 1305 1569 educam
1326 1525 1466 1570 pariter
1503 1523 1689 1568 coronati,

110 1573 208 1612 mihi
230 1574 442 1611 Dominus
432 1585 474 1610 18
491 1578 745 1621 portentum»
731 1573 880 1610 »Pueri
919 1572 966 1608 ad
987 1572 1155 1610 coelestia
1176 1573 1387 1619 migrarunt
1408 1571 1515 1618 quasi
1532 1574 1692 1618 quatuor

109 1625 238 1659 autem
258 1632 394 1659 manus
422 1622 504 1668 ejus
535 1621 800 1659 exosculantes
817 1620 879 1657 di·
919 1621 1098 1666 victimae,
1119 1626 1246 1668 pastor
1278 1630 1366 1658 cum
1400 1618 1519 1656 tribus
1555 1618 1691 1666 agnel-

111 1668 278 1707 cebant:
302 1684 317 1702 «
352 1670 383 1706 0
403 1669 510 1706 Pater
541 1673 578 1706 81
609 1669 736 1706 Pastor
764 1668 878 1712 bone,
919 1668 981 1706 lis.

112 1717 223 1765 quale
241 1716 352 1755 nobis
370 1717 566 1765 gaudium,
587 1717 620 1754 si
651 1721 779 1754 tecum
808 1727 880 1763 pa-
