1884 3164
153 232 310 275 aataes.
329 242 352 267 n
384 226 495 268 C’est
523 224 631 267 611151
661 235 744 277 que
774 225 907 266 Satan
936 219 1086 262 voulut
1116 218 1315 260 l'enlaeer
1344 216 1450 256 (1665
1491 226 1556 255 ses
1592 212 1720 255 111615.

153 296 325 341 comme
341 292 374 333 il
392 290 632 332 descendait
660 293 839 330 souvent
866 299 923 329 en
951 285 1066 335 ville,
1087 283 1309 326 l'occasion
1341 282 1394 322 de
1427 281 1469 321 la
1500 282 1726 320 rencontre

153 359 280 405 d'nne
298 358 453 400 femme
471 356 566 397 finit
583 368 661 408 par
677 354 718 396 16
738 354 845 394 faire
871 351 1042 393 *tomber
1071 349 1400 391 honteusement
1430 346 1536 387 dans
1567 343 1722 384 l'adul·

154 425 259 470 tere.
292 424 348 464 Le
379 422 533 462 demon
565 432 617 461 ne
648 420 688 460 le
718 419 856 472 quitta
888 429 978 471 pas.
1000 418 1175 457 Comme
1208 414 1238 454 il
1258 412 1436 453 rentrait
1456 410 1602 450 consus
1620 408 1727 448 dans

154 500 232 531 106
262 488 414 538 desert,
436 487 466 527 il
486 498 530 527 se
548 486 675 527 sentit
705 484 822 537 agite
853 483 1129 524 violemment
1147 492 1224 532 par
1242 477 1399 530 l'esprit
1420 476 1478 516 du
1498 473 1725 526 clesespoir‚

155 564 212 597 66
229 552 495 595 considerant
510 551 705 592 combien
724 549 757 590 il
773 548 888 589 avait
906 546 1109 588 conti-iste
1129 544 1299 596 l'Esprit
1317 543 1368 583 de
1389 541 1510 589 Dieu,
1524 540 1584 580 les
1598 538 1730 579 6611115

159 620 301 671 Auges
319 621 362 658 et
380 617 440 658 les
460 616 703 657 venerables
736 616 860 655 Peres
890 613 947 654 du
978 612 1133 652 desert.
1167 609 1304 656 Α6551,
1326 619 1370 647 56
1402 607 1603 647 trouvant
1632 603 1730 656 pren

157 684 259 728 d’un
278 683 426 733 nonve,
450 683 480 723 il
499 682 619 723 611611
637 681 698 733 s’y
715 681 838 733 jeter,
861 679 896 718 si
914 678 956 718 la
976 676 1091 719 16616
1111 676 1163 716 (16
1183 675 1290 715 Dieu
1311 685 1364 713 ne
1384 672 1450 712 siit
1469 682 1581 711 venu
1599 671 1626 709 6
1653 680 1731 710 son

157 760 340 791 secours.
361 749 479 790 Cette
498 747 612 788 main
632 746 773 786 divine
794 745 832 784 le
853 743 1007 784 toucha
1024 754 1079 782 au
1097 752 1228 790 coeur,
1242 739 1271 779 il
1284 741 1428 778 rentra
1441 748 1495 777 en
1515 734 1732 775 lui-meme

158 818 203 856 et
221 826 264 856 se
284 813 440 855 resolut
459 813 511 853 de
529 815 753 853 retourner
773 812 798 850 6
818 822 863 848 56
883 807 1048 855 6611616,
1069 818 1177 860 pour
1195 817 1223 856 y
1256 804 1420 856 apaiser
1451 802 1491 842 le
1523 801 1729 852 Seigneur

158 880 266 922 dans
285 879 344 919 les
364 879 516 920 larmes
535 877 587 917 de
608 878 649 917 16
669 875 904 929 [1611116666.
925 873 961 915 11
979 876 1121 914 rentra
1153 871 1275 919 donc,
1297 872 1340 909 et
1371 868 1555 908 ferment
1583 877 1653 905 sur
1672 862 1731 905 lui

161 944 204 988 16
234 947 356 997 porte
387 943 439 983 de
468 947 576 983 cette
605 941 772 989 cellule,
796 940 825 980 il
846 939 994 992 pleura
1025 950 1097 977 sur
1129 935 1344 976 lui-meme
1377 943 1543 973 comme
1573 942 1644 970 sur
1675 941 1734 970 un

166 1012 283 1052 mort
299 1010 403 1050 dans
422 1008 482 1048 les
496 1008 647 1059 joanes
667 1008 709 1047 et
729 1006 789 1046 165
803 1004 947 1045 veilles
966 1002 1220 1043 continuels.
1235 1000 1268 1040 ll
1288 1011 1342 1040 ne
1361 998 1509 1038 voulut
1528 996 1736 1036 admettre

167 1086 376 1129 personne
397 1074 548 1127 aupres
568 1072 619 1113 de
638 1072 714 1123 lui,
735 1075 792 1120 et,
814 1070 959 1123 quand
979 1081 1043 1109 ses
1063 1068 1195 1108 freres
1227 1063 1573 1118 s’approehaieut,
1596 1061 1624 1101 il
1644 1059 1737 1100 leur

165 1140 389 1194 repondait
410 1151 421 1179 :
448 1153 467 1178 (ι
488 1139 575 1180 Mes
593 1138 740 1184 freres,
762 1137 876 1188 priez
897 1147 1004 1188 pour
1023 1134 1124 1181 moi,
1144 1132 1221 1184 j’ai
1239 1130 1379 1171 resolu
1399 1129 1452 1169 de
1484 1127 1590 1167 faire
1615 1124 1738 1178 peni·

164 1208 285 1246 tence
305 1204 493 1258 pendant
511 1215 570 1244 un
589 1215 644 1242 an
666 1203 770 1242 dans
790 1202 828 1241 16
846 1200 1015 1240 silence.
1045 1213 1064 1236 »
1100 1199 1156 1238 Ce
1187 1208 1270 1249 que
1300 1197 1472 1247 voyant,
1493 1193 1554 1233 les
1585 1203 1665 1231 uns
1681 1202 1738 1231 66

164 1269 430 1311 60661661661
450 1280 530 1321 que
550 1266 689 1307 c’etait
708 1278 766 1306 uu
786 1265 910 1312 saint,
933 1268 976 1304 et
996 1263 1180 1303 d’autres
1211 1261 1299 1301 s‘en
1331 1257 1670 1300 666161611561661.Υ
1704 1254 1740 1297 11

163 1335 295 1388 jaune
322 1334 427 1375 donc
457 1336 501 1374 et
529 1332 577 1372 fit
607 1332 650 1372 16
677 1331 896 1384 penitenee
927 1329 1029 1381 qu'il
1058 1327 1173 1368 avait
1202 1326 1382 1367 resolue.
1414 1325 1487 1371 Or,
1502 1323 1542 1363 le
1569 1322 1671 1374 jour
1688 1319 1741 1361 (16

166 1401 347 1453 Ρ66666,
368 1411 422 1439 06
443 1397 583 1451 plutot
601 1397 642 1437 la
662 1396 755 1436 nuit
774 1396 825 1436 de
844 1395 886 1435 la
906 1392 1216 1441 Resurrection‚
1231 1392 1260 1430 il
1281 1391 1359 1431 mit
1379 1401 1463 1429 une
1484 1389 1622 1440 lampe
1637 1386 1742 1427 dans

165 1477 226 1509 un
245 1475 342 1505 vase
373 1463 491 1512 6661,
512 1466 569 1513 61,
599 1461 642 1501 16
673 1463 892 1508 couvrant‚
915 1460 945 1499 il
977 1458 1105 1511 priait
1129 1469 1183 1497 66
1216 1467 1284 1496 665
1314 1461 1498 1495 termes:
1528 1467 1548 1491 α
1568 1453 1601 1493 Ο
1634 1451 1743 1492 Dieu

165 1529 511 1572 misericordieux
530 1527 605 1580 qui
624 1526 771 1566 voulez
791 1525 829 1565 16
848 1524 958 1564 56161
972 1524 1024 1564 (16
1046 1525 1154 1572 1065,
1177 1533 1278 1574 ayez
1299 1520 1402 1573 pitie
1421 1519 1473 1559 (16
1493 1518 1595 1566 6101,
1616 1527 1743 1570 parce

166 1607 250 1649 que
267 1595 310 1647 je
329 1606 434 1634 vons
452 1593 493 1633 ai
512 1594 871 1644 tres-gravament
891 1590 1046 1630 offense
1067 1592 1111 1628 et
1128 1599 1210 1639 que
1226 1586 1304 1638 j'ai
1322 1584 1461 1637 rejoui
1481 1588 1596 1623 votre
1615 1593 1743 1623 6666-

166 1661 243 1703 mi.
271 1659 355 1702 J'ai
383 1659 612 1711 augmente
643 1658 686 1697 la
717 1656 866 1697 malice
897 1655 949 1695 de
981 1666 1082 1694 mon
1113 1652 1244 1705 peche
1276 1663 1353 1703 par
1384 1661 1486 1690 mon
1513 1646 1742 1700 desespoir.

166 1726 287 1775 Mais,
309 1725 401 1766 rien
421 1724 528 1764 n'est
546 1722 787 1776 impossible
806 1733 914 1774 pour
933 1731 1054 1759 vous.
1076 1717 1359 1760 Commandez
1389 1716 1498 1755 donc
1530 1726 1614 1766 que
1635 1714 1745 1753 cette

166 1790 308 1844 lampe
327 1789 518 1830 s’allume
538 1787 839 1835 d'elle-meme,
861 1786 946 1826 afin
969 1796 1051 1838 que
1077 1783 1179 1836 j'aie
1210 1782 1252 1822 16
1281 1781 1498 1822 confiance
1530 1791 1613 1832 que
1642 1788 1745 1819 mon

710 145 765 177 ss
790 143 892 176 mun
917 143 970 173 1)ss
998 141 1169 178 nouus.

171 1886 1745 1911 ——,—-——————-————

168 1963 331 2003 nudam
351 1972 550 2017 emamque
569 1961 668 2009 quod
687 1971 782 2008 opus
802 1964 880 2003 est;
902 1963 937 1995 et

171 2010 225 2048 116
242 2011 414 2048 desinam
443 2010 528 2046 aliis
559 2009 685 2046 oneris
718 2017 812 2045 esse.
839 2022 852 2039 υ
877 2007 938 2043 Sic

171 2068 261 2096 eum
281 2058 521 2095 voluitSatan
541 2057 759 2103 illaqueare.
780 2056 936 2092 Descen-

171 2106 268 2144 dens
299 2106 403 2143 enim
429 2105 645 2152 frequenter
663 2105 703 2141 in
732 2104 938 2146 civitatem,

172 2154 327 2191 tandem
352 2153 522 2190 mulieris
553 2152 754 2196 occasione
784 2150 941 2198 turpiter

171 2200 215 2238 16
240 2201 471 2238 adulterium
490 2201 642 2238 corruit.
668 2200 745 2238 Nec
765 2209 853 2236 eum
873 2198 941 2234 de-

171 2248 292 2287 sernit
320 2249 484 2286 daemon.
506 2249 601 2285 Cum
619 2248 722 2285 enim
739 2247 818 2294 jam
841 2246 941 2282 redi-

172 2301 230 2334 ret
265 2297 307 2333 in
340 2297 532 2333 desertum
575 2306 663 2333 cum
701 2294 941 2337 confusione,

173 2344 309 2391 spiritu
330 2344 603 2390 desperationis
617 2343 727 2390 caepit
743 2342 944 2379 vehemen-

173 2395 238 2446 ter·
268 2392 414 2438 agitari,
453 2391 699 2428 cons1derans
745 2390 844 2437 quod
889 2389 944 2425 sic

135 2456 137 2461 ·
174 2438 358 2486 Spiritum
381 2438 446 2475 Dei
465 2438 738 2483 contristasset,
765 2442 798 2475 et
829 2446 944 2473 sanc·

178 2489 238 2523 105
266 2486 440 2532 Angelos,
463 2486 771 2532 venerabilesque
802 2485 844 2521 in
876 2484 943 2520 de-

177 2535 278 2586 serto
311 2533 449 2570 Patres.
477 2534 661 2578 Quocirca
691 2533 843 2570 cuidam
872 2535 944 2568 ssu-

178 2589 278 2634 1111111
313 2580 622 2628 appropinquans
653 2581 695 2618 in
732 2580 828 2616 illud
863 2589 946 2615 sese

179 2636 428 2665 immersurus
461 2629 540 2675 J'am
572 2633 665 2674 erat,
704 2629 780 2664 nisi
817 2627 947 2663 divina

179 2685 320 2730 manus
343 2674 536 2712 adfuisset.
566 2677 643 2713 Hac
669 2676 798 2712 divina
829 2684 944 2710 manu

179 2732 224 2760 111
242 2722 354 2759 corde
384 2726 517 2767 tactus,
547 2729 584 2760 et
615 2725 658 2760 in
689 2733 728 2760 se
760 2732 946 2765 reversus,

182 2770 336 2808 tandem
356 2773 392 2823 et
411 2769 459 2806 ad
478 2770 612 2807 cellam
626 2771 760 2807 reverti
782 2770 944 2813 resolvit,

179 2827 250 2865 per
287 2817 522 2864 poenltentiae
561 2817 706 2855 luctum
744 2818 947 2854 Dominum

180 2864 413 2911 placaturus.
441 2863 565 2900 Rediit
601 2875 705 2911 ergo,
738 2869 775 2901 et
810 2865 948 2901 ostium

977 1957 1114 2004 vigiliis
1133 1955 1338 1994 continuis.
1356 1954 1559 1992 Neminem
1577 1962 1665 1989 vero
1684 1961 1746 1988 vo-

978 2006 1046 2042 luit
1065 2005 1263 2041 admittere
1283 2012 1428 2045 secum,
1450 2001 1514 2037 sed
1534 1998 1748 2037 accedenti-

979 2053 1047 2090 bus
1067 2052 1244 2089 l'ratribus
1265 2049 1513 2097 respondebat
1537 2058 1568 2084 :a
1587 2048 1749 2092 Fratres,

978 2105 1080 2138 orate
1100 2111 1167 2147 pro
1188 2109 1261 2143 me,
1278 2098 1373 2135 mihi
1394 2098 1434 2133 in
1454 2097 1584 2132 animo
1603 2099 1659 2131 est
1678 2104 1746 2132 an·

978 2159 1030 2186 no
1050 2159 1126 2185 uno
1146 2148 1186 2184 in
1206 2146 1359 2184 silentio
1373 2144 1638 2192 poenitentiam
1657 2150 1749 2189 age-

981 2206 1032 2233 re.
1070 2211 1084 2228 ·
1114 2196 1209 2232 Cum
1246 2205 1333 2230 vero
1371 2194 1418 2229 de
1454 2203 1498 2228 eo
1536 2189 1749 2227 sanctitatis

980 2244 1202 2290 opinionem
1233 2242 1298 2278 alii
1331 2239 1613 2286 concepissent,
1633 2247 1750 2275 scan-

980 2292 1109 2328 dalum
1142 2291 1179 2327 id
1211 2288 1389 2326 fratribus
1414 2284 1672 2333 ingenerabat.
1692 2285 1751 2322 Je-

978 2340 1126 2386 junavit
1158 2339 1288 2384 igitur,
1311 2342 1347 2373 et
1379 2334 1643 2382 poenitentiam
1661 2332 1752 2370 661-

982 2396 1044 2424 mo
1076 2391 1300 2432 conceptam
1331 2384 1488 2430 peregit.
1524 2382 1590 2418 Die
1620 2384 1752 2418 autem

984 2434 1137 2472 Paschae
1156 2434 1232 2470 sive
1253 2434 1332 2479 ipsa
1351 2435 1463 2468 nocte
1492 2428 1752 2466 Resurrectio-

984 2483 1043 2519 nis
1074 2482 1200 2528 posuit
1230 2481 1271 2517 in
1303 2478 1455 2515 vasculo
1486 2487 1585 2514 novo
1624 2476 1752 2513 lucer·

982 2540 1087 2572 nam.
1110 2534 1146 2566 et
1164 2528 1388 2574 cooperiens
1408 2536 1492 2562 eam
1513 2525 1567 2561 sic
1587 2523 1719 2562 orabat
1740 2533 1750 2559 :

987 2592 1001 2610 α
1038 2576 1251 2614 Misericors
1286 2575 1397 2617 Deus,
1433 2573 1498 2620 qui
1532 2581 1667 2609 omues
1696 2570 1754 2607 vis

984 2625 1134 2667 salvari,
1155 2624 1334 2660 miserere
1366 2622 1456 2663 mei,
1487 2621 1575 2667 quia
1606 2618 1753 2666 gravis-

985 2673 1079 2709 sime
1099 2676 1134 2708 te
1154 2670 1310 2710 offendi,
1344 2674 1380 2706 et
1412 2668 1614 2705 inimicum
1645 2671 1754 2703 tuum

985 2720 1153 2757 exultare
1174 2718 1260 2755 feci.
1283 2717 1387 2755 Nihil
1415 2716 1515 2762 apud
1537 2720 1573 2751 te
1601 2718 1657 2750 est
1676 2714 1754 2750 im-

986 2767 1181 2815 possibille
1197 2770 1266 2809 est,
1282 2765 1352 2802 etsi
1366 2768 1519 2810 peceato
1531 2761 1752 2808 adjecerim,

986 2816 1075 2861 quia
1112 2813 1321 2860 desperavi.
1362 2812 1418 2848 Tu
1463 2821 1549 2847 vero
1594 2807 1757 2855 praecipe

988 2864 1075 2909 igne
1090 2861 1188 2898 hanc
1202 2861 1397 2897 lucernam
1416 2857 1587 2901 accendi,
1605 2861 1644 2892 ut
1659 2854 1756 2891 fidu-

183 2911 292 2949 celtae
322 2912 503 2949 claudens
529 2921 640 2957 super
670 2922 722 2956 se,
756 2916 950 2958 tamquam
986 2912 1086 2947 ciam
1104 2909 1196 2946 inde
1214 2907 1429 2953 concipiam
1449 2904 1593 2951 peccati
1611 2901 1686 2938 mei
1701 2910 1758 2938 re-

182 2967 297 3007 super
314 2963 508 2997 mortuum
533 2957 634 2996 flevit
664 2958 708 2995 in
733 2958 892 3006 jejuniis
914 2963 950 2996 et
986 2958 1108 3004 missi,
1129 2956 1398 3001 residuumque
1416 2957 1565 2998 tempus
1593 2954 1656 2987 tuo
1675 2949 1755 2986 im-
