1884 3164
475 59 623 73 ·—⁷·
683 66 708 78 „-
766 59 785 68 ⁴⁴
828 54 867 72 ,·
1615 52 1628 70 l

635 154 639 158 -
676 124 954 168 t'ocuvn‘nu
982 132 1152 169 vacuus.
1647 117 1696 162 ct

127 197 214 264 eux
231 226 349 256 vases
363 212 604 267 d'iniquite,
624 222 692 252 ces
722 200 887 264 paroles
918 209 969 250 de
1001 221 1048 250 sa
1080 207 1360 249 resurrection
1389 220 1400 247 :
1437 223 1457 244 «
1492 208 1597 248 Mets
1625 211 1701 249 ton

127 279 247 334 doigt
263 279 318 321 ici
335 280 378 320 et
395 277 486 318 vois
503 288 592 318 mes
612 275 763 318 mains.
786 274 1005 328 Approuhe
1025 277 1069 313 ta
1089 273 1204 313 main
1225 275 1268 313 et
1286 272 1453 312 mets-la
1474 272 1578 312 dans
1598 284 1700 314 mon

127 345 234 395 octe,
254 342 533 387 (ιιι-8881111818
553 353 599 383 ce
620 353 701 394 que
722 341 763 381 la
782 341 884 394 pitie
904 339 1046 380 divine
1079 351 1103 378 a
1136 337 1313 378 soufl'ert
1341 349 1450 390 pour
1484 349 1539 376 un
1570 337 1700 389 impie

126 420 290 455 comme
306 407 366 448 toi
384 406 521 461 (Hom.
543 406 694 460 xxvii).
725 423 744 444 ι»
776 407 933 447 Autant
962 404 1014 444 de
1045 402 1277 451 cicatrices,
1312 402 1435 451 donc,
1469 404 1620 442 autent
1650 402 1702 441 de

125 475 304 526 langues
324 473 397 526 qui
416 472 601 514 crieront
621 473 732 512 alors
751 474 895 512 contre
927 469 987 509 les
1019 469 1180 521 impies‚
1214 468 1500 508 condemnant
1530 466 1623 506 leur
1643 467 1703 506 in-

127 539 356 593 gratitudet
392 538 525 586 Alors,
571 550 665 578 sera
695 535 923 588 accomplie
954 540 1061 575 cette
1096 533 1327 587 111-8111811811
1365 544 1419 572 1«
1454 532 1506 572 tls
1526 535 1705 572 veri-ont

126 603 224 660 quel
243 607 306 645 est
324 604 432 644 celui
452 603 575 657 qu'ils
602 606 678 643 ont
706 605 827 656 perce
863 601 989 655 (dean.
1013 611 1097 649 xix,
1118 601 1201 651 37),
1230 615 1248 634 n
1270 602 1312 638 et
1343 609 1491 638 encore
1515 609 1526 637 ι
1552 613 1572 634 «
1593 599 1706 638 't‘out

126 668 199 711 oeil
217 669 257 710 le
276 681 413 717 verra,
435 672 478 709 et
496 669 632 709 meme
652 680 759 708 ceux
778 667 849 720 qui
870 666 968 707 l'ont
991 667 1126 718 perce.
1154 664 1294 717 (Apoc.
1332 674 1361 710 1,
1394 662 1452 716 7).
1487 676 1507 701 »
1545 664 1601 703 Le
1632 675 1702 702 su-

126 734 254 787 perbe
277 750 297 772 «
317 746 438 774 verra
462 750 481 771 »
503 746 609 786 pour
638 746 683 773 sa
715 733 933 773 confusion
966 734 1180 771 comment
1212 730 1240 769 il
1274 729 1327 768 l'n
1357 730 1482 781 perce
1511 740 1614 768 avec
1646 727 1706 767 tes

125 798 293 854 pointes
313 799 369 840 du
389 800 492 839 faux
510 799 718 839 honneur.
741 800 797 839 Le
826 798 1051 838 luxurieux
1086 811 1104 834 «
1135 807 1257 835 verre
1291 811 1310 829 υ
1347 797 1558 834 comment
1590 793 1620 832 il
1653 791 1707 832 l'a

126 868 250 918 perce
268 877 344 918 par
363 877 409 904 se.
429 865 614 917 volupte.
636 865 693 905 Le
713 863 935 903 vindic-atii*
955 879 974 899 «
995 874 1119 902 verra
1138 875 1155 898 »
1182 864 1396 900 comment
1417 859 1447 899 11
1467 858 1528 898 1111
1542 871 1567 899 a
1583 860 1706 910 perce

126 929 167 971 18
186 941 302 970 coeur
320 942 481 970 comme
500 941 600 969 avec
618 942 699 969 une
716 928 1055 980 lance.L'iiij11ste
1070 939 1251 966 «verra»
1265 928 1480 965 comment
1495 924 1523 964 il
1539 936 1565 963 a
1584 925 1708 976 perce

127 1007 192 1036 ses
212 995 348 1035 mains
370 1007 446 1048 par
464 1007 528 1035 ses
549 995 732 1035 fraudes.
766 996 878 1035 'rous
909 995 967 1033 les
999 993 1161 1044 impios,
1186 991 1259 1044 qui
1292 993 1470 1030 courent
1508 1002 1562 1029 au
1601 989 1703 1035 mal,

133 1064 345 1101 «verront
365 1076 384 1097 »
408 1065 621 1101 comment
642 1060 691 1099 ils
711 1063 786 1100 ont
817 1060 994 1099 enfonce
1030 1059 1067 1097 le
1102 1059 1164 1097 fer
1196 1056 1301 1096 dans
1334 1068 1399 1095 ses
1430 1055 1560 1108 pleds.
1597 1056 1708 1095 'rout

127 1125 364 1167 ambitieux
387 1142 407 1162 «
428 1138 549 1167 verra
572 1142 590 1162 »
614 1128 826 1166 comment
846 1125 873 1164 il
895 1138 921 1164 a
939 1125 1154 1163 cour-onne
1185 1135 1232 1161 sa
1264 1124 1346 1162 tete
1369 1120 1572 1173 (Γᾷ-1111185.
1595 1121 1710 1160 Tout

129 1191 314 1244 pecheur
337 1206 358 1229 (ι
378 1203 499 1242 yerra
517 1206 536 1228 n
563 1194 770 1230 comment
800 1193 893 1229 tout
932 1189 1061 1240 peche
1094 1188 1133 1228 18
1165 1194 1484 1239 perce‘comme
1517 1197 1618 1224 avec
1649 1197 1708 1224 un

130 1256 481 1310 poignard.Mais
510 1255 561 1295 ils
598 1258 807 1295 «veri-ont
829 1269 847 1293 »
890 1254 979 1293 cela
1017 1256 1110 1303 trop
1148 1252 1243 1291 tard
1281 1255 1323 1291 et
1359 1264 1414 1290 au
1453 1250 1599 1290 milieu
1636 1249 1710 1288 des

134 1321 466 1374 gemissements,
489 1321 627 1361 tandis
647 1333 729 1372 que
748 1320 809 1360 les
824 1319 958 1371 justes
984 1317 1286 1358 tressaitlerout
1318 1319 1360 1355 et
1380 1328 1422 1355 se
1444 1315 1711 1367 glorifieront

133 1387 239 1427 dans
256 1386 315 1426 les
334 1386 522 1438 insignes
542 1386 593 1425 de
612 1397 676 1425 ses
691 1385 896 1425 blessures
923 1384 1045 1436 qu’ils
1079 1382 1247 1421 avaient
1268 1381 1523 1421 embrassees
1543 1391 1710 1420 comme

134 1451 206 1491 des
224 1451 441 1503 stigmates
466 1450 671 1497 dumont,
705 1461 867 1490 comme
900 1449 971 1488 des
1004 1447 1299 1498 temoignages
1326 1447 1377 1485 de
1411 1446 1524 1497 paix,
1546 1456 1710 1484 comme

133 1510 192 1556 u'n
230 1516 327 1569 prix
363 1516 414 1555 de
451 1515 728 1567 redemption.
767 1515 821 1555 lls
858 1514 917 1554 les
955 1513 1184 1564 regarilent
1222 1511 1492 1551 maintenant
1541 1521 1705 1550 comme

132 1593 190 1622 un
219 1580 334 1634 objet
363 1580 603 1620 secondaire
635 1580 686 1621 de
718 1580 810 1620 leur
840 1579 1070 1628 beatitudo,
1113 1579 1137 1617 11
1174 1578 1264 1617 cute
1303 1576 1355 1615 de
1394 1576 1434 1615 la
1467 1576 1711 1627 jouissance

133 1645 259 1687 d'une
278 1646 376 1699 paix
398 1646 615 1686 eternelle.

186 1712 331 1753 Sainte
367 1712 582 1764 Lutgarde
618 1710 890 1763 contemplait
922 1710 1246 1761 frequemment,
1282 1708 1387 1750 dans
1419 1720 1476 1747 un
1509 1706 1639 1758 esprit
1658 1706 1710 1746 de

130 1777 242 1831 piete
261 1782 302 1818 et
321 1777 526 1824 d’emour,
549 1779 608 1816 les
628 1776 756 1829 plaies
785 1779 827 1815 et
859 1776 917 1814 les
949 1774 1161 1814 cicatrices
1198 1773 1254 1812 du
1295 1774 1503 1813 Sauveur.
1527 1772 1616 1811 Elle
1655 1783 1708 1811 en

131 1842 245 1884 avait
262 1855 321 1882 un
337 1843 436 1894 jour
455 1843 533 1882 tire
554 1854 638 1882 une
656 1842 816 1881 suavite
836 1839 1142 1888 merveilleuse,
1165 1839 1238 1891 qui
1260 1839 1300 1877 la
1321 1837 1461 1877 rendit.
1479 1836 1575 1889 plus
1599 1837 1711 1876 forte

134 2002 267 2030 vocem
295 1991 581 2028 resurrectionis
606 1990 719 2027 etium
741 1990 779 2026 in
796 1989 901 2035 judi-

136 2039 195 2077 cio
216 2050 284 2077 suo
303 2039 351 2076 ad
370 2050 457 2075 vasa
476 2038 686 2085 iniquitatis
706 2038 753 2074 sit
774 2036 904 2083 proba-

137 2093 244 2124 turus
266 2097 274 2124 :
299 2086 400 2124 infer
431 2087 593 2133 digitum
618 2091 724 2122 tunm
757 2084 845 2126 huc.
868 2090 901 2120 ct

136 2134 221 2172 vide
257 2145 395 2172 manus
440 2136 570 2170 meus?
613 2133 703 2170 ass'cr
748 2142 903 2168 manum

137 2186 258 2227 tuam,
291 2187 326 2220 et
366 2182 471 2219 mitte
504 2182 543 2218 in
577 2182 673 2218 latus
705 2191 847 2222 meum,
870 2185 905 2215 ct

135 2239 298 2277 agnosce
318 2241 401 2276 quae
420 2241 487 2277 pro
510 2235 543 2266 18
563 2230 681 2275 impio
702 2229 820 2274 pic-tus
845 2228 905 2263 di-

135 2278 225 2315 vina
243 2288 419 2325 perpessa
438 2282 507 2314 est.
533 2290 547 2310 »
572 2280 668 2321 Quot
688 2286 775 2321 crgo
803 2276 905 2311 cica-

137 2326 264 2370 trices,
297 2330 351 2362 181
380 2330 490 2362 8111111
522 2325 662 2370 lingum
694 2324 735 2360 in
769 2324 905 2369 impios

137 2377 229 2411 tunc
259 2373 481 2414 clamantes,
521 2377 557 2408 et
594 2371 905 2419 ingratitudinem

138 2430 269 2457 eorum
302 2421 617 2464 condemnantes,
650 2425 683 2455 et
716 2418 903 2464 adimple-

138 2466 239 2504 bitur
269 2467 364 2506 illud
398 2479 406 2504 :
446 2481 460 2500 «ι
495 2467 687 2504 Videbunt
720 2467 761 2502 in
793 2476 904 2512 quem

138 2513 421 2552 transfixerunt.
462 2531 476 2550 n
506 2516 548 2551 Et
584 2515 722 2552 iterum
759 2513 853 2550 illud
894 2523 902 2548 z

144 2575 159 2596 ι
180 2561 329 2599 Videbit
347 2572 433 2599 eum
453 2563 580 2601 omnis
599 2562 748 2605 oculus,
778 2566 814 2597 et
842 2562 904 2607 qui

139 2619 228 2647 eum
248 2615 500 2656 pupugerunt.
523 2609 671 2648 Videbit
688 2625 701 2642 »
721 2608 906 2655 superbus

139 2658 182 2695 in
235 2657 499 2694 confusionem
551 2668 671 2698 suam.
718 2656 905 2703 quomodo

139 2706 292 2752 punctis
326 2705 481 2741 honoris
498 2714 587 2741 eum
605 2704 817 2752 pupugerit.
841 2703 904 2740 Vi-

140 2751 244 2790 debit
276 2752 505 2795 luxuriosus,
526 2753 714 2797 quomodo
747 2751 906 2788 libidine

31 2795 44 2810 '¹
59 2800 78 2837 ’.
141 2810 210 2837 sua
229 2809 317 2836 eum
337 2798 579 2835 transfixerit.
604 2798 753 2836 Videbit
777 2799 904 2835 vindi-

142 2846 300 2893 nativus,
326 2846 516 2894 quomodo
544 2845 630 2882 odio
675 2846 755 2883 uasi
775 2846 906 2883 lancea

143 2893 224 2941 ejus
242 2905 308 2932 eor
326 2893 579 2931 transfoderit.
611 2892 656 2930 Vi
683 2892 760 2930 chit
783 2893 907 2940 inJus-

144 2944 222 2993 tus,
252 2941 441 2990 quomodo
473 2939 669 2979 fraudibus
695 2939 800 2980 velut.
827 2941 908 2988 ejus

944 1998 1080 2024 manus
1119 1987 1366 2023 transforarit.
1402 1985 1548 2022 Videbit
1586 1985 1714 2021 omnis

945 2036 1084 2082 impius
1101 2036 1147 2070 :id
1171 2034 1313 2070 inuium
1335 2044 1506 2076 eui-rens,
1522 2033 1711 2078 quomodo

945 2085 982 2119 in
1005 2084 1086 2129 eJ'us
1107 2083 1219 2129 pedes
1241 2083 1381 2117 serrum
1401 2081 1583 2126 adegerit.
1599 2080 1712 2117 Vide—

946 2131 997 2167 bit
1016 2131 1142 2167 omnis
1161 2129 1399 2172 ambitiosus,
1422 2129 1610 2174 quomodo
1631 2128 1711 2174 spi-

921 2178 1004 2215 'uis
1043 2179 1124 2225 ejus
1166 2182 1276 2223 caput
1316 2177 1520 2213 coronarit.
1567 2174 1713 2211 Videbit

944 2227 1070 2263 omnis
1091 2230 1277 2273 peccator,
1300 2224 1489 2272 quomodo
1515 2228 1713 2269 peccatum

945 2284 1058 2310 omne
1079 2275 1177 2310 velut
1198 2273 1310 2319 pugio
1338 2282 1425 2308 cuin
1459 2276 1713 2317 transpunxe-

946 2323 1004 2358 rit.
1028 2321 1098 2357 Sed
1121 2321 1300 2357 videbunt
1334 2320 1414 2356 baec
1446 2330 1543 2360 sero,
1565 2323 1601 2355 et
1625 2328 1712 2355 eum

947 2370 1113 2416 planctu,
1134 2369 1225 2405 dum
1259 2367 1411 2404 interim
1439 2366 1531 2412 justi
1564 2366 1713 2403 exulta-

946 2418 1038 2454 bunt
1059 2423 1094 2453 et
1119 2415 1381 2462 gloriabuntur
1413 2414 1453 2450 in
1488 2414 1546 2450 his
1577 2414 1716 2451 vulne-

947 2475 1030 2501 rum
1068 2463 1259 2510 insigniis,
1298 2473 1382 2509 quae
1433 2461 1505 2508 ipsi
1547 2461 1714 2507 amplexi

947 2513 1093 2549 fuerunt
1130 2517 1310 2557 tanquam
1347 2511 1522 2555 stigmata
1558 2508 1715 2553 amoris,

946 2566 1125 2606 tanquam
1146 2558 1362 2595 testimonia
1394 2557 1512 2604 pacis,
1534 2561 1714 2602 tanquam

947 2608 1108 2654 pretium
1138 2605 1429 2652 redemptionis3
1461 2605 1527 2641 illa
1558 2605 1715 2641 intuen-

947 2662 1003 2691 tur
1028 2660 1154 2691 autem
1188 2663 1293 2690 nunc
1326 2658 1504 2699 tanquam
1524 2651 1715 2698 objectum

945 2703 1212 2739 secundarium
1243 2711 1322 2737 suae
1353 2700 1599 2736 beatitudinis
1623 2709 1711 2736 811111

946 2750 1123 2787 fruitione
1143 2754 1294 2786 aeternae
1307 2749 1425 2794 pacis.

991 2798 1128 2834 Sancta
1169 2795 1362 2842 Lutgardis
1383 2795 1599 2841 frequenter
1626 2803 1715 2829 con·

947 2844 1212 2891 templabatur‚
1244 2844 1285 2881 in
1321 2843 1456 2889 spiritu
1495 2842 1643 2888 pietatis
1680 2844 1717 2876 et

944 2893 1099 2935 amoris.
1126 2891 1281 2928 vulnera
1301 2895 1336 2927 et
1356 2890 1552 2927 cicatriccs
1583 2887 1714 2923 Salva-

946 2941 1050 2977 toris.
1073 2939 1128 2976 Ex
1149 2939 1226 2976 illis
1245 2939 1350 2976 enim
1369 2937 1535 2984 quodam
1553 2935 1616 2971 die
1635 2933 1711 2973 mi-
