1826 3164
137 177 221 217 691
562 183 611 213 ιιι
641 183 845 214 limetur.
870 183 946 214 nus
973 173 1292 214 rufiumttmuns.

193 266 251 306 Le
274 262 482 305 troisieme
503 262 650 315 degi-e,
672 260 1007 315 c'estklorsqu'on
1025 260 1157 302 celate
1176 272 1229 302 en
1248 259 1411 313 injur-es
1439 259 1715 304 determine&-

141 331 185 370 et
203 327 333 382 qu’on
353 328 520 381 appelle
540 340 616 367 son
636 327 748 367 frere
769 326 974 380 prochain
995 338 1006 367 ε
1027 326 1212 376 insense,
1231 331 1275 367 et
1292 325 1405 367 alors
1435 326 1468 366 il
1496 326 1560 367 dit
1588 326 1717 380 qu’on

139 406 236 435 sera
253 393 487 435 cendamne
507 405 561 432 au
579 392 651 432 feu
671 392 723 432 de
741 392 908 432 l’enfer.

195 458 231 500 11
251 459 342 500 faut
370 458 561 510 toujours
593 469 795 510 supposer
826 457 928 509 qu’il
961 456 1086 509 s’agit
1118 457 1240 497 d’une
1273 456 1409 496 colere
1440 456 1648 506 mol-telle,
1671 467 1719 498 oe

144 524 218 578 qui
235 524 373 564 arrive
394 522 538 575 quand
557 522 637 563 elle
657 526 720 563 est
739 524 1054 575 accompagnee
1071 522 1123 562 de
1152 520 1394 562 l’intention
1426 521 1478 561 de
1509 521 1633 562 nuire
1663 525 1721 562 ou
1790 553 1795 555 -

142 588 269 629 d'une
291 600 419 640 grave
439 588 580 640 injure
600 599 751 627 envers
764 587 804 627 le
823 587 1044 639 prochain.
1067 589 1336 637 Autrement‚
1357 586 1436 626 elle
1455 586 1564 627 n’est
1594 585 1718 627 habi-

142 655 392 695 tuellement
412 653 492 706 que
512 652 707 694 venielle.

198 718 556 771 Notre-Seigneur
574 717 853 759 Jesus-Christ
873 729 926 756 ne
946 716 1065 768 parle
1086 716 1195 756 donc
1216 727 1296 768 que
1316 716 1368 756 de
1387 717 1429 756 la
1447 716 1583 756 colere
1603 728 1719 757 mor-

142 783 259 833 telle,
280 784 331 824 de
351 783 454 823 celle
475 783 547 836 qui
567 783 668 822 tend
688 784 713 822 a
733 782 854 822 nuire
878 784 1128 833 gravement
1148 793 1202 821 au
1222 781 1446 834 prochain.
1466 782 1534 830 Et,
1555 790 1719 823 comme

142 848 324 890 certains
342 849 364 890 J
369 839 450 889 uif's
470 848 742 899 regardaient
761 858 924 886 comme
945 847 1069 887 chose
1088 858 1171 898 peu
1190 847 1447 899 importante
1477 846 1519 887 la
1549 846 1720 888 volente

141 914 375 956 interieure
396 914 448 953 de
467 925 511 953 se
530 916 610 953 ven
617 925 707 965 ger,
724 924 888 952 comme
907 912 957 952 ils
977 912 1015 952 le
1036 912 1233 952 faisaient
1250 912 1305 951 du
1327 918 1436 953 reste
1455 924 1533 964 par
1546 915 1721 965 rapport

140 990 227 1019 aux
247 983 387 1019 autres
408 978 560 1031 peches
579 977 821 1028 interieurs,
844 982 1026 1030 pensant
1046 989 1127 1030 que
1148 978 1189 1017 la
1208 977 1283 1017 Loi
1315 977 1535 1018 n'arretait
1567 989 1649 1030 que
1677 977 1722 1018 la

139 1044 256 1084 main
279 1048 320 1084 ct
341 1056 426 1083 non
446 1043 622 1095 l’esprit,
644 1043 703 1083 les
723 1055 888 1083 oeuvres
909 1043 1162 1083 interieures
1193 1045 1235 1083 et
1265 1054 1352 1082 non
1382 1042 1442 1083 les
1473 1045 1586 1083 actes
1615 1042 1722 1084 inte-

139 1108 291 1157 rieurs,
314 1109 353 1148 le
374 1108 512 1148 Christ
534 1119 777 1148 commence
796 1120 859 1148 ses
879 1108 1071 1149 defenses
1090 1120 1166 1160 par
1187 1112 1360 1160 rapport
1380 1110 1405 1148 a
1423 1108 1464 1148 la
1496 1108 1634 1148 colere
1665 1119 1719 1148 cn

140 1173 377 1214 defendant
396 1173 438 1213 la
457 1173 593 1213 colere
612 1173 858 1214 interieure.
881 1173 914 1213 ll
946 1185 1158 1226 prononce
1189 1174 1299 1214 donc
1329 1185 1411 1225 que
1442 1177 1550 1214 cette
1582 1173 1720 1213 colere

144 1241 207 1278 est
226 1238 357 1291 digne
378 1239 430 1279 de
450 1238 791 1289 condamnation,
813 1245 854 1278 et
875 1251 957 1290 que
989 1239 1061 1278 des
1092 1239 1177 1278 lors
1207 1238 1238 1278 il
1268 1238 1361 1278 faut
1393 1238 1720 1291 completement

141 1303 334 1344 l'ecarter
354 1303 404 1342 de
425 1303 562 1352 l'ame,
586 1316 710 1356 parce
731 1302 882 1356 qu’elle
901 1307 964 1344 est
983 1303 1024 1343 la
1043 1315 1188 1343 source
1209 1304 1260 1343 de
1280 1304 1496 1356 beaucoup
1517 1303 1568 1344 de
1589 1313 1719 1344 maux

145 1368 293 1421 quien
313 1372 408 1408 sont
429 1369 470 1408 la
489 1369 611 1409 suite.
635 1370 697 1409 En
731 1369 831 1410 eflet
849 1370 897 1411 ‚la
928 1369 1066 1409 colere
1098 1381 1256 1420 conque
1288 1369 1389 1408 dans
1420 1368 1460 1409 16
1493 1380 1608 1409 coeur
1637 1368 1716 1409 δ’ὁ-

141 1433 302 1486 chappe
326 1434 532 1474 aisement
552 1447 604 1474 en
624 1446 708 1474 une
728 1435 914 1475 clameur
934 1434 1222 1474 desordonnee
1254 1438 1297 1473 et
1330 1434 1518 1483 confuse,
1538 1433 1632 1486 puis
1663 1444 1718 1474 en

142 1498 310 1552 paroles
331 1499 582 1552 injurieuses
602 1502 645 1540 et
664 1490 930 1548 insultantes,
948 1511 1110 1539 comme
1127 1511 1232 1539 nous
1252 1499 1473 1551 l'apprend
1493 1510 1574 1539 une
1589 1499 1717 1552 expe-

143 1564 285 1604 rienee
305 1564 356 1604 de
377 1565 538 1618 chaque
555 1565 669 1617 jour.
692 1565 828 1614 Aussi‚
855 1565 975 1605 Saint
994 1566 1100 1605 Jean
1121 1564 1416 1616 Ghrysostome
1438 1562 1717 1616 compare-t—il

142 1628 514 1681 ingenieusement
535 1633 559 1670 a
579 1631 650 1671 des
674 1642 777 1683 gens
802 1630 911 1670 ivres
944 1630 1016 1682 qui
1047 1630 1291 1679 vomissent‚
1310 1629 1368 1670 les
1400 1641 1630 1682 personnes
1663 1640 1717 1669 en

143 1693 282 1735 colere
304 1695 377 1747 qui
397 1695 667 1748 s'echappent
698 1709 750 1735 en
774 1695 937 1748 paroles
957 1695 1207 1735 insultantes
1232 1698 1275 1734 et
1306 1694 1569 1746 injurieuses‚
1594 1705 1718 1746 parce

140 1757 314 1811 qu’elles
335 1772 387 1800 ne
406 1772 449 1799 se
469 1765 564 1800 sont
586 1773 659 1812 pas
681 1761 879 1800 etlorcees
905 1760 1128 1799 d'etouffer
1161 1763 1203 1799 et
1233 1759 1285 1798 de
1313 1771 1467 1811 ceuper
1487 1759 1538 1807 ,la
1559 1759 1715 1810 colere,

140 1823 283 1876 quand
305 1824 384 1864 elle
402 1824 574 1864 naissait
593 1825 694 1864 daus
713 1825 804 1864 leur
823 1837 953 1864 coenr.
978 1839 996 1860 (ι
1022 1825 1082 1875 Si,
1105 1825 1224 1875 nprcs
1245 1824 1362 1863 avoir
1382 1836 1453 1873 vu,
1471 1824 1533 1864 dit
1554 1824 1591 1864 16
1604 1824 1719 1864 saint

138 1887 328 1938 doeteu1·‚
350 1902 410 1929 un
431 1890 599 1930 homme
621 1890 708 1930 ivre
742 1892 815 1942 qui
848 1890 996 1937 vomit,
1032 1901 1075 1929 se
1103 1889 1294 1938 tirailler,
1316 1889 1502 1940 s’agiter,
1525 1889 1585 1929 les
1604 1894 1719 1942 yeu'x

141 1952 258 2003 tit-es,
282 1955 548 2006 remplissant
568 1955 609 1995 la
630 1955 739 1995 table
762 1956 812 1995 de
832 1956 997 2006 5616165,
1022 1955 1083 1994 fui
1104 1955 1154 1994 dc
1178 1958 1282 2004 tous,
1306 1966 1408 1995 vous
1428 1954 1594 1995 tombez
1614 1955 1719 1996 dans

145 2131 294 2168 Tertius
321 2135 390 2176 est,
425 2141 511 2169 cum
532 2132 571 2168 in
593 2133 772 2179 injuriam
801 2143 911 2179 uper-

147 2183 224 2216 tam
244 2180 471 2226 prorumpit,
490 2185 526 2216 et
559 2186 664 2217 vocnt
697 2180 856 2225 fatuum,
878 2185 913 2217 61

147 2225 251 2264 hunc
271 2227 361 2263 dicit
375 2238 456 2263 csse
475 2238 578 2265 reum
593 2228 778 2274 gehennae
800 2228 910 2274 ignis.

144 2273 442 2321 Supponendum
477 2279 602 2313 autem
644 2287 792 2322 semper
832 2287 912 2312 esse

146 2322 344 2359 mortalem
369 2324 459 2359 irum
482 2324 631 2370 quando
653 2328 707 2359 est
732 2324 912 2370 conj'unc-

146 2372 183 2405 ta
214 2379 303 2406 cum
341 2371 473 2407 nnimo
505 2371 683 2417 nocendi,
722 2376 781 2407 aul
824 2381 911 2408 eum

145 2417 247 2461 gravi
287 2418 424 2463 injuria
479 2418 654 2463 ›roximi3
686 2419 781 2455 alins
819 2418 913 2455 solet

145 2474 227 2500 esse
261 2465 429 2503 venialis.
479 2466 548 2503 deo
581 2466 749 2503 Christus
784 2466 910 2503 Domi—

146 2518 221 2549 nus
260 2512 403 2549 videtur
441 2513 543 2561 loqui
574 2514 620 2551 (16
655 2514 709 2551 ira
749 2513 911 2557 mortali,

145 2556 225 2596 nive
245 2560 423 2612 tendente
443 2561 482 2598 in
503 2572 613 2608 greve
641 2566 909 2599 nocumentum

146 2607 322 2653 proximi.
364 2608 404 2643 Et
437 2608 523 2654 quin
571 2608 746 2646 nonnulli
791 2608 912 2646 Judmi

147 2651 376 2691 voluntatem
400 2655 617 2694 interiorem
641 2656 814 2693 vindictas
834 2667 913 2704 pnr-

146 2699 402 2756 vinciebant,
433 2708 529 2739 sicut
561 2710 595 2741 et
629 2704 809 2741 interiora
839 2703 912 2740 alin

173 2752 299 2786 cecata
318 2751 421 2796 (qum
442 2749 561 2793 lenem
584 2751 766 2798 putabunt
803 2751 910 2789 oehi-

173 2806 236 2834 ere
255 2806 426 2841 manum.
449 2808 525 2834 nen
546 2799 734 2844 animum,
757 2799 827 2836 hoc
857 2803 912 2834 est

145 2853 170 2880 6
238 2856 261 2881 e
291 2849 459 2892 externa,
494 2855 570 2882 non
605 2848 775 2884 internos
793 2851 912 2890 nctus)

187 2902 232 2928 eo
252 2892 421 2929 Christus
441 2902 547 2930 sunm
574 2893 620 2931 de
654 2894 708 2931 irn
740 2893 910 2941 probibi-

146 2936 289 2977 tionem
327 2940 519 2979 exorditur
556 2939 603 2977 nl)
636 2942 690 2978 ira
729 2941 910 2979 interiori.

147 2983 253 3025 uano
273 2998 360 3034 ergo
389 2988 609 3036 pronuntiat
632 2989 912 3027 condemnatio-

954 2133 991 2170 ni
1013 2132 1232 2179 obnoxiam,
1256 2132 1414 2180 ideoque
1443 2133 1556 2180 plane
1575 2132 1622 2170 ab
1641 2132 1721 2170 ani·

954 2191 1015 2217 mo
1036 2181 1327 2226 eliminandam,
1360 2181 1447 2227 quia
1481 2181 1563 2227 ipsa
1582 2185 1637 2218 est
1658 2190 1720 2217 ra·-

952 2229 1014 2265 ‹lix
1063 2228 1285 2275 multiplicis
1317 2227 1582 2274 subsequentis
1614 2227 1719 2266 mali.

954 2277 1010 2312 tra
1051 2276 1153 2312 enim
1187 2276 1290 2312 intus
1323 2280 1506 2321 concepta
1537 2275 1648 2312 facilc
1678 2275 1721 2313 in

951 2324 1156 2360 clamorem
1188 2323 1346 2360 omuino
1385 2323 1644 2360 inordinatum
1683 2327 1720 2360 et

951 2372 1166 2414 confusum,
1188 2375 1223 2407 et
1255 2374 1384 2417 postea
1411 2370 1450 2407 in
1470 2369 1720 2408 contumelio·

951 2430 991 2454 sn
1022 2430 1056 2454 c„
1088 2418 1270 2464 injuriosa
1309 2417 1420 2455 verba
1457 2418 1635 2465 erumpit,
1677 2421 1718 2456 ut

950 2465 1180 2512 experientia
1212 2465 1433 2512 quetidiana
1465 2466 1589 2503 docel.
1614 2465 1720 2504 Unde

953 2514 1020 2550 bos
1043 2514 1155 2549 trinos
1179 2514 1216 2550 in
1243 2513 1449 2550 clamorem
1470 2518 1502 2550 et
1525 2518 1720 2551 contume-

953 2561 1021 2597 lias
1054 2566 1309 2607 erumpentes,
1343 2560 1431 2598 (uia
1463 2561 1557 2598 irum
1589 2561 1719 2599 animo

950 2613 1172 2655 conceptum
1195 2619 1285 2646 mox
1306 2619 1348 2645 su
1377 2608 1491 2646 bcnre
1511 2613 1546 2645 ct
1574 2608 1720 2646 exscin-

950 2656 1038 2692 dere
1078 2667 1156 2693 nen
1194 2660 1282 2694 sunt.
1323 2656 1489 2701 connisi,
1528 2655 1721 2703 eleganter

951 2709 1143 2751 eotnpnrut
1205 2704 1366 2742 Sanctus
1413 2704 1719 2751 Chrysoslomus,

953 2752 1055 2788 Ιιυιιι.
1068 2762 1149 2788 xxxi
1166 2751 1212 2789 ad
1228 2751 1410 2806 populum
1424 2751 1716 2797 Antiocheam),

951 2799 1065 2836 clu-iis
1079 2800 1352 2837 vomcnut›us.«
1367 2799 1404 2836 Si
1419 2798 1568 2846 videris,
1578 2797 1719 2846 inquit,

953 2852 1166 2884 vomentem
1188 2846 1335 2884 ebrium
1368 2846 1541 2892 distrahi,
1562 2845 1720 2893 dissip·-

953 2895 995 2941 ri,
1018 2894 1149 2933 oeulos
1171 2894 1308 2931 habere
1333 2893 1532 2938 distentos,
1554 2891 1719 2934 immun·

950 2943 1042 2979 ditia
1062 2952 1232 2980 mensam
1262 2941 1435 2989 implere,
1464 2951 1600 2979 omncs
1629 2948 1720 2980 cum

951 2991 1093 3036 sugere,
1119 2995 1156 3027 et
1182 2994 1309 3037 postea
1335 2989 1366 3027 si
1398 2989 1439 3027 in
1471 2986 1718 3027 6666611661-
