1832 3172
55 100 71 131 t

61 145 65 153 ι
628 180 751 213 tuum
777 181 852 213 uss
881 181 1120 215 amulcus.
1569 176 1667 222 245,

73 256 287 300 ochosiam
304 258 606 301 (broi-tomba
625 260 678 300 de
708 261 750 300 la
779 261 938 301 senet-re
957 261 1076 304 desa
1088 259 1367 303 chambreet
1397 261 1430 301 il
1460 262 1527 305 fut
1546 266 1666 307 tres.v

70 323 250 374 malade,
271 326 319 365 et
344 323 379 364 it·
405 324 596 364 consulta
622 324 872 384 Beelzebub,
894 326 935 366 le
965 325 1071 366 Dieu
1102 325 1347 374 d'Accaron,
1369 338 1479 378 pour
1507 329 1648 374 samir

70 387 349 441 sulpeum-ait<
367 388 576 440 echapper
594 391 620 429 a
639 393 749 430 cette
769 390 967 431 maledie.
988 390 1096 431 Mais
1111 390 1216 440 Elio,
1240 391 1650 434 venant-au-devant

69 452 421 505 domvenvoyeS,
443 453 536 494 leur
565 454 614 494 lit
638 466 685 496 ce
714 455 917 508 reproche
938 469 948 496 :
967 471 986 492 «ι
1010 456 1155 496 Est-ce
1187 455 1292 509 qu’il
1321 456 1392 507 n’y
1425 468 1452 497 a
1481 469 1556 510 pas
1587 470 1648 500 un

66 517 173 558 Dieu
202 518 307 558 dans
341 518 482 568 lsrael,
516 519 694 572 puisque
726 533 830 560 vous
866 521 1079 562 consultez
1112 521 1222 561 ainsi
1251 521 1506 573 Beelzebub,
1542 522 1662 565 Dieu·

67 581 329 623 d'Accaron?
362 582 468 623 C'est
498 584 707 636 pourquoi
732 585 840 625 voici
874 598 919 625 ce
953 598 1036 638 que
1068 586 1129 626 dit
1160 586 1200 626 le
1232 586 1445 638 seigneur
1466 600 1476 627 ε
1496 588 1566 630 'ru
1590 599 1648 633 110

65 645 312 688 descendi-as
332 648 448 700 point
468 649 524 689 du
544 649 592 688 lit
609 662 682 690 sur
700 650 841 704 lequel
863 654 907 691 tu
926 663 970 691 es
999 653 1160 702 monte,
1181 651 1290 692 mais
1312 654 1358 692 tu
1378 664 1572 695 mourraa
1583 652 1646 697 lde

32 745 37 752 .
64 715 191 751 mont.
213 711 254 764 (4
275 712 381 752 Bon.
404 724 435 764 1,
457 714 602 767 2-4.)1›

31 790 35 794 ’
117 778 161 817 2⁰
179 777 238 818 La
257 778 433 818 seconde
452 780 594 820 raison
614 792 722 833 pour
741 781 925 833 laquelle
945 780 1053 822 Dieu
1069 781 1218 823 differe
1237 782 1290 823 de
1311 794 1418 824 nous
1440 783 1641 834 socom-ir,

64 841 164 883 e’ost
183 842 402 894 qu'ilveut
432 856 512 896 que
542 857 645 884 nous
672 847 1009 887 reconnaissions
1030 846 1175 888 mieux
1195 850 1316 887 notre
1348 847 1497 888 misere
1529 851 1572 890 et
1602 848 1661 894 16,

62 904 206 948 11080111
227 919 308 960 que
329 920 435 948 nous
454 911 655 950 avonsde
675 923 751 950 son
771 923 952 961 secours,
974 912 1060 953 01111
1087 912 1140 952 de
1169 912 1403 966 l’implorer
1421 924 1525 953 avec
1545 914 1644 967 plus

17 977 23 989 ·
60 970 297 1012 d'humilite
317 976 359 1013 et
379 974 429 1014 de
449 974 633 1015 ferveur.

114 1036 232 1078 Ainsi
271 1042 445 1078 souvent
475 1039 515 1080 le
546 1041 749 1093 prophete
777 1042 898 1094 royal
932 1042 1063 1084 David
1103 1043 1235 1095 gemit
1266 1049 1308 1083 et
1339 1044 1511 1096 sonpirc
1540 1055 1640 1086 sans

59 1102 290 1143 s'aoeorder
308 1103 359 1143 de
379 1105 504 1156 repit,
524 1105 556 1145 il
574 1118 627 1146 ne
646 1106 856 1147 s'aceorde
889 1120 1028 1147 aucun
1047 1120 1169 1160 repes
1187 1109 1239 1148 de
1270 1108 1368 1160 jour
1389 1109 1434 1148 ni
1454 1108 1507 1149 de
1525 1109 1636 1150 nuit.

58 1167 230 1216 ’[011101,
250 1167 281 1207 11
302 1169 436 1220 prend
456 1169 614 1222 l’esprit
627 1174 669 1211 et
681 1172 720 1212 le
741 1184 857 1212 coeur
876 1173 934 1212 du
953 1173 1187 1222 mendiant,
1204 1173 1340 1213 crient
1358 1177 1401 1213 et
1420 1176 1641 1217 montrant

56 1242 124 1271 ses
153 1231 284 1284 plaies
316 1236 357 1272 et
388 1246 463 1273 son
494 1235 713 1284 efflictim,
736 1237 820 1277 aliu
848 1238 1049 1278 d'exciter
1080 1238 1122 1278 la
1153 1239 1418 1291 compassion
1448 1238 1503 1280 do
1530 1239 1638 1282 Dieu

57 1294 162 1336 dont
179 1296 211 1336 il
230 1298 411 1339 reclame
430 1299 468 1339 le
489 1312 670 1341 secours.
691 1303 861 1350 Tamen,
884 1303 914 1342 il
946 1315 988 1343 se
1020 1303 1194 1343 conduit
1225 1315 1388 1344 comme
1406 1316 1466 1344 un
1486 1304 1639 1348 enfant

57 1361 134 1414 qui
152 1363 222 1402 n'a
238 1375 313 1415 pas
332 1363 383 1404 de
403 1364 537 1405 forces
570 1378 642 1406 sur
672 1367 895 1420 lesquelles
916 1369 944 1407 il
964 1368 1102 1420 puisse
1121 1369 1359 1421 s’appuyer,
1384 1369 1418 1409 si
1446 1369 1488 1412 la
1517 1370 1648 1415 maim

57 1426 160 1466 d'un
178 1429 277 1479 pere
297 1439 350 1468 ne
370 1429 495 1470 l’aide
515 1435 557 1471 et
586 1431 660 1483 qui
693 1444 746 1471 ne
778 1436 879 1484 peut
911 1434 1091 1485 prendre
1121 1446 1284 1474 aucune
1317 1434 1575 1486 noun-iture,
1597 1435 1638 1479 si

56 1488 230 1532 ce'n'est
247 1493 299 1532 de
318 1494 358 1533 la
377 1494 539 1535 bouche
560 1508 614 1535 ou
636 1497 691 1536 du
711 1497 799 1536 sein
821 1498 872 1536 de
893 1510 940 1537 sa
970 1500 1100 1538 mere.
1124 1500 1297 1539 Comme
1330 1498 1360 1539 il
1391 1499 1557 1552 depend
1577 1512 1633 1541 en

54 1558 192 1598 tontes
211 1557 354 1598 choses
373 1558 424 1598 de
445 1559 624 1609 celle-ci,
648 1561 678 1601 il
697 1562 875 1614 implore
897 1575 973 1602 son
1000 1575 1168 1604 secours
1195 1576 1248 1604 en
1276 1563 1474 1617 pleurant
1493 1565 1632 1607 conti-

53 1620 313 1663 nuellement
335 1636 344 1663 :
363 1638 382 1659 α
405 1625 577 1665 Comme
603 1638 662 1666 un
695 1627 843 1667 enfant
874 1628 947 1680 qui
978 1641 1021 1669 se
1054 1641 1200 1681 repose
1232 1642 1304 1670 sut·
1333 1629 1373 1670 le
1404 1630 1493 1671 sein
1514 1630 1567 1674 de
1585 1643 1648 1675 sm

53 1687 182 1736 mere,
207 1688 516 1740 punissez·moi‚
539 1691 645 1731 mais
664 1704 763 1732 mon
789 1694 882 1733 ame
915 1697 977 1734 est
1008 1706 1170 1735 comme
1203 1695 1378 1736 l’enfant
1411 1698 1437 1737 a
1465 1696 1507 1738 la
1538 1708 1632 1739 ma·

38 1751 193 1794 110110.
216 1751 301 1806 (Ps.
323 1764 460 1806 cxxx1‚
482 1756 541 1808 3.)
556 1771 576 1793 »
601 1756 708 1797 G’est
738 1771 901 1798 comme
939 1759 1003 1799 s'il
1041 1759 1165 1800 discit
1192 1773 1202 1800 :
1231 1761 1439 1809 L’enfzmt,
1474 1773 1556 1814 que
1587 1761 1633 1803 10

50 1818 202 1860 nature
220 1830 246 1858 a
263 1819 380 1871 prive
400 1820 452 1860 de
472 1823 566 1860 tout
591 1834 772 1872 semum,
796 1836 849 1864 ne
882 1828 982 1876 peut
1002 1837 1045 1865 se
1064 1825 1175 1866 vetir
1206 1825 1252 1865 ni
1283 1838 1327 1866 se
1357 1827 1527 1867 nourrir
1544 1826 1648 1869 lui-.

36 1882 203 1930 meme,
227 1883 255 1922 il
275 1883 437 1936 depend
456 1886 782 1937 completemeut
801 1890 851 1929 de
872 1890 911 1928 ta
930 1889 1059 1930 bonte
1079 1891 1131 1930 de
1151 1903 1196 1930 sa
1215 1892 1329 1931 mere
1347 1905 1356 1931 :
1379 1891 1546 1933 Celle-ei
1563 1891 1634 1936 lut

47 1949 241 2000 presente
261 1949 300 1989 le
331 1950 433 2000 sein,
456 1949 653 2000 l'habille‚
678 1953 716 1993 le
748 1956 937 2005 protege,
961 1955 1155 2003 l'endort‚
1177 1956 1313 1996 essuie
1345 1969 1408 1996 ses
1440 1957 1595 1998 larmes
1609 1972 1621 2006 ;

47 2076 111 2114 dia
130 2076 274 2115 illicita.
295 2078 444 2115 Similes
466 2079 506 2116 hi
534 2086 623 2117 sunt
642 2081 815 2119 Ochoziae
855 2089 968 2119 noctu
1006 2084 1146 2130 diuque
1178 2095 1257 2121 non
1295 2085 1467 2131 quiescit.
1509 2086 1620 2124 Modo

47 2123 100 2162 nn
124 2124 153 2169 i,
180 2125 244 2170 qui
275 2136 364 2163 cum
396 2128 594 2165 cecidisset
626 2140 691 2175 pei·
720 2141 813 2166 can-
854 2131 976 2167 induit
996 2132 1170 2177 spiritum
1190 2136 1226 2169 et
1253 2143 1318 2168 cor
1351 2133 1518 2170 mendici
1538 2133 1622 2170 cla-

45 2135 369 2211 coffosvooenaouli
401 2175 473 2219 sui,
494 2176 597 2222 gravi
628 2176 813 2223 languens
854 2178 991 2214 mantis
1011 2184 1047 2215 et
1078 2181 1303 2216 ostentantis
1328 2181 1454 2216 ulcera
1486 2191 1553 2217 sua
1585 2185 1623 2219 et

45 2218 267 2257 infirmitate
286 2222 452 2259 consulit
468 2223 673 2261 Beelzebub
696 2226 812 2262 Deum
851 2225 1110 2271 afflictionem,
1151 2232 1191 2263 ut
1229 2227 1276 2264 ad
1314 2228 1619 2273 compassionem

46 2266 228 2313 Ammon,
252 2279 344 2305 num
367 2270 412 2306 de
433 2280 498 2307 sua
528 2273 648 2318 poscit
668 2283 809 2309 conva-
853 2279 995 2309 moveat
1019 2275 1150 2319 Deum,
1171 2274 1279 2320 eujus
1299 2285 1409 2321 opem
1424 2274 1618 2322 efflagitat.

46 2313 187 2352 tenuem
204 2315 426 2354 infirmitate
441 2319 456 2354 Ρ

86 2362 131 2399 At
140 2362 221 2408 ejus
240 2364 384 2400 nuntiis
397 2375 602 2404 occurrens
622 2367 722 2403 Elias
744 2368 812 2405 im·

43 2418 114 2463 pro
164 2414 220 2446 rat
241 2420 250 2447 ε
277 2423 291 2442 tt
315 2411 506 2460 Numquid
527 2425 604 2451 non
624 2420 679 2451 est
715 2416 810 2452 Deus

44 2465 87 2492 m
124 2457 236 2500 srael,
258 2463 297 2494 ut
329 2459 421 2495 eatis
452 2461 499 2496 ad
529 2463 808 2499 consulendum

44 2502 165 2540 Deum
201 2505 401 2542 Accaron?
437 2508 690 2551 Quamobrem
730 2510 810 2547 haec

41 2550 135 2587 dicit
189 2551 371 2588 Dominus
399 2563 408 2589 ε
438 2555 489 2591 De
516 2556 653 2594 lectulo
698 2568 810 2604 super

42 2607 155 2644 quem
174 2599 378 2653 ascendisti
399 2610 477 2639 non
502 2603 724 2649 descendes,
744 2606 809 2642 sed

41 2649 162 2682 morte
179 2656 365 2683 morieris.
385 2663 399 2681 n

88 2692 261 2731 Secunda
280 2694 374 2730 ratio
393 2705 463 2732 cur
493 2696 592 2734 Deus
623 2699 807 2736 auxilium

39 2738 202 2795 differat,
231 2746 302 2795 est,
323 2746 364 2778 ut
395 2753 438 2779 eo
472 2745 592 2791 magis
622 2757 807 2793 agnosca-

38 2796 127 2824 mus
139 2798 336 2825 miseriam
358 2795 540 2836 nostram,
561 2796 597 2828 et
624 2794 707 2840 opis
727 2794 808 2840 ejus

38 2833 304 2889 indigentiam,
326 2837 455 2884 sicque
478 2839 660 2877 humilius
673 2846 709 2877 et
730 2842 806 2877 ser-

37 2885 187 2920 ventius
206 2894 290 2920 eam
312 2885 575 2931 imploremus.

84 2928 147 2966 Sic
165 2940 265 2978 saepe
291 2931 474 2979 Propheta
505 2934 657 2981 Rexque
691 2936 804 2973 David

853 2321 962 2358 Modo
981 2332 1020 2358 se
1039 2323 1134 2368 gerit
1158 2322 1277 2359 instar
1304 2323 1462 2359 infantis
1492 2323 1635 2364 nullam

853 2369 1025 2404 habentis
1046 2370 1141 2406 vires
1160 2369 1298 2416 quibus
1323 2371 1519 2412 innitatur,
1541 2371 1618 2412 nisi

851 2421 1005 2462 paterna
1044 2427 1158 2453 manu
1193 2417 1357 2462 juvetur,
1391 2418 1617 2465 nullumque

849 2463 974 2499 cibum
997 2473 1130 2509 capere
1149 2464 1322 2508 valentis,
1345 2465 1419 2502 nisi
1438 2476 1461 2501 a
1485 2466 1616 2505 matris

849 2522 912 2546 ore
934 2511 990 2547 vcl
1014 2511 1206 2555 uberibus,
1221 2523 1243 2547 a
1257 2522 1331 2558 qua
1341 2513 1427 2559 quia
1437 2513 1479 2550 in
1493 2515 1617 2553 omnia-

851 2558 919 2594 bus
939 2559 1090 2605 pendet,
1111 2559 1192 2603 ejus
1212 2569 1323 2605 opem
1343 2561 1524 2598 continuo
1544 2564 1615 2599 tle-

850 2611 884 2642 111
907 2606 1083 2652 implorat
1105 2616 1114 2642 :
1140 2621 1154 2638 ι
1185 2607 1287 2643 Sicut
1319 2606 1529 2647 ablactatus
1559 2613 1617 2647 est

848 2663 887 2688 su
896 2663 960 2698 per
992 2659 1110 2690 matre
1140 2664 1222 2699 sua,
1248 2654 1299 2692 ita
1337 2656 1534 2694 retributio
1571 2657 1629 2695 iu-

846 2701 975 2736 anima
995 2711 1093 2738 mea.
1117 2716 1131 2734 »ι

895 2748 1010 2791 Quasi
1030 2748 1172 2785 diceret
1194 2759 1202 2786 :
1222 2749 1328 2786 Sicut
1352 2750 1479 2787 infans
1499 2761 1520 2786 a
1540 2762 1615 2788 na-

847 2799 928 2830 tura
946 2795 1146 2832 destitutus
1165 2797 1307 2834 auxilio
1328 2808 1406 2835 non
1434 2803 1555 2844 potest
1574 2808 1616 2835 so

847 2843 1016 2888 induere,
1036 2849 1100 2879 aut
1131 2848 1261 2890 potum
1280 2855 1445 2888 sumere,
1467 2845 1533 2882 sed
1552 2849 1613 2881 to-

846 2895 905 2926 tus
924 2891 1095 2936 pendens
1109 2896 1163 2928 cst
1178 2902 1200 2928 a
1213 2891 1447 2939 benignitate
1468 2892 1612 2935 matris3

843 2941 879 2973 et
898 2938 964 2974 illa
985 2938 1099 2974 ubera
1117 2940 1304 2983 admovet,
1325 2940 1461 2983 induit,
1484 2944 1615 2985 prote-n

37 2974 122 3014 nino
133 2977 421 3019 intermissione
434 2981 550 3028 gemit
569 2987 606 3019 et
625 2984 802 3030 suspirat,
842 2985 909 3032 git,
930 2990 970 3022 ut
1007 2986 1169 3023 dormiat
1196 2987 1435 3034 circumagit,
1456 2986 1615 3033 plotane
