1826 3164
242 168 325 209 658
660 178 710 208 LE
738 178 945 209 usnemu.
969 179 1044 211 RES
1073 172 1391 214 Pnssmcxrssnas..

243 259 382 298 meme
413 269 495 310 que
526 262 648 298 notre
677 258 850 298 ennemi
879 261 1105 311 emprunta
1134 259 1174 299 16
1205 259 1423 300 ministere
1442 259 1499 300 du
1518 264 1687 314 serpent
1704 273 1814 314 pour

242 327 430 375 tromper
453 322 510 363 les
527 323 730 375 premiers
747 322 1036 376 homme533de
1053 325 1192 364 meme
1210 324 1242 364 il
1261 337 1286 364 6
1305 327 1421 365 orme
1440 324 1496 365 du
1516 325 1644 366 venin
1675 326 1727 367 de
1747 339 1812 368 ses

241 398 496 440 mensonges
531 388 589 427 les
621 389 801 440 langues
836 387 907 428 des
937 389 1177 441 heretiques
1208 401 1316 441 pour
1347 390 1511 430 seduire
1542 390 1700 443 l’e-sprit
1736 391 1810 433 des

235 452 386 504 justes.
410 468 429 488 »
454 455 508 492 Ge
527 456 623 492 sont
642 453 735 493 bien
755 453 812 500 16,
834 465 887 493 en
906 454 1020 503 estet,
1042 454 1101 493 les
1131 454 1197 494 fils
1228 454 1279 495 (16
1313 455 1444 495 Satan
1476 457 1519 495 et
1548 455 1606 495 du
1638 459 1810 509 serpent

240 518 314 570 qui
333 530 430 570 pose
451 519 491 557 la
510 518 704 570 question
727 530 738 556 :
764 531 783 556 ι(
804 518 1017 571 Pourquoi
1036 518 1141 559 Dieu
1159 530 1264 558 vous
1282 520 1395 559 a-t-il
1415 519 1599 560 defendo.
1618 520 1670 561 de
1684 533 1807 562 man·

240 594 316 635 ger
335 583 391 622 du
411 583 546 623 fruit?
566 599 587 620 »
611 584 663 623 Its
691 583 897 623 abordent
927 584 989 624 les
1018 584 1163 624 fideles
1194 596 1293 624 avec
1324 585 1395 625 des
1426 586 1635 638 pourquoi
1666 590 1709 626 et
1735 587 1807 630 des

235 651 465 688 comment.
489 649 701 701 Pourquoi
719 654 811 689 tant
832 650 883 689 de
902 649 1142 701 preceptes?
1163 650 1376 701 Pourquoi
1393 652 1486 690 tant
1505 650 1556 693 de
1580 650 1732 703 jannes
1763 655 1807 695 et

234 714 569 754 d’abstinences?
588 715 802 767 Pourquoi
830 714 1096 754 l'ahstinenee
1124 714 1180 753 du
1209 714 1441 755 vendredi?
1472 716 1687 769 Pourquoi
1713 720 1807 759 16111

233 779 285 819 (16
306 781 561 819 ceremonies
591 780 694 819 dans
723 779 924 831 l’Eglise‘?
957 780 1178 819 Comment
1208 779 1246 818 16
1276 791 1397 832 corps
1430 779 1482 819 (16
1511 780 1805 834 Jesus-Christ,

233 845 305 895 qui
325 845 438 884 avait
455 845 519 884 six
539 845 671 897 pleds,
694 845 848 896 peut-il
868 845 957 884 6116
977 848 1161 884 contenu
1193 857 1289 884 sous
1323 857 1408 884 une
1441 844 1476 884 si
1505 845 1634 897 petite
1658 847 1804 898 espece

232 910 284 950 de
303 910 431 962 pain?
451 911 673 950 Comment
691 923 737 949 66
758 911 895 949 meme
914 922 1034 962 corps
1053 909 1202 962 peut-il
1222 910 1310 950 6116
1324 921 1378 950 en
1393 910 1530 950 meme
1544 914 1680 963 temps
1700 911 1809 957 dans

230 975 439 1026 plusieurs
459 974 598 1014 lieux?
621 978 842 1015 comment
860 977 1032 1027 peut-on
1052 974 1365 1026 legitimement
1396 987 1500 1014 vous
1531 975 1733 1016 defendi-e
1760 976 1803 1017 16

229 1041 388 1079 1661616
408 1041 458 1080 (16
479 1039 696 1079 1Ἐ6111616
716 1039 886 1080 Sainte?
919 1041 994 1079 Ces
1025 1039 1304 1092 questions-lii
1334 1042 1377 1079 61
1407 1039 1592 1080 d’autres
1621 1041 1800 1082 sembla-

229 1105 330 1154 bles,
354 1106 404 1144 ils
424 1106 483 1145 les
504 1107 693 1157 repetent
712 1109 892 1145 souvent
911 1117 996 1144 aux
1014 1105 1184 1157 simples
1205 1117 1312 1157 pour
1331 1105 1390 1144 les
1409 1109 1596 1157 tromper
1615 1109 1657 1146 61
1676 1119 1798 1147 6666-

228 1171 483 1223 serl’Eglise
503 1170 753 1223 d'injustice.
775 1172 836 1210 Ne
856 1174 1019 1210 sont-ce
1050 1182 1123 1222 pas
1155 1171 1196 1210 16
1226 1171 1297 1211 des
1330 1171 1492 1222 paroles
1523 1171 1574 1210 de
1600 1171 1799 1224 serpent?

226 1238 356 1276 Leurs
376 1237 561 1276 discours
582 1239 623 1275 61
642 1236 755 1275 leurs
774 1236 897 1275 livres
917 1239 1012 1275 sont
1031 1235 1201 1287 remplis
1230 1235 1281 1275 de
1313 1235 1562 1275 semblables
1593 1237 1799 1289 malignes

224 1302 568 1354 interrogations‚
592 1301 835 1354 auxquelles
855 1301 885 1339 il
905 1313 929 1340 6
948 1303 1015 1340 ete
1035 1300 1150 1340 mille
1171 1300 1249 1340 fois
1269 1301 1458 1353 repondu
1476 1313 1554 1352 per
1585 1313 1692 1341 ceux
1722 1302 1797 1355 qui

223 1370 321 1407 sont
340 1371 461 1407 tenus
480 1367 531 1406 de
549 1367 703 1406 rendre
722 1366 862 1406 raison
882 1366 933 1406 de
954 1366 995 1405 16
1014 1366 1089 1406 foi.

277 1432 538 1484 Cepeudant,
563 1432 604 1471 16
635 1431 791 1471 1661616
824 1431 895 1471 (165
927 1432 1052 1471 livres
1083 1431 1324 1484 heretiques
1355 1435 1418 1471 est
1455 1432 1794 1475 nou-seulement

221 1498 416 1550 per-mise,
441 1498 546 1537 mais
565 1497 644 1537 elle
664 1501 726 1537 est
752 1497 1025 1536 commandee
1058 1498 1082 1535 6
1114 1497 1429 1549 quelques-uns,
1452 1497 1525 1549 qui
1556 1499 1648 1536 sont
1680 1509 1795 1540 assez

221 1563 376 1604 fermes
395 1563 498 1603 dans
518 1563 558 1602 la
578 1562 636 1602 foi
668 1567 709 1602 et
727 1574 840 1602 assez
861 1561 1051 1601 instruits
1071 1574 1177 1614 pour
1209 1561 1384 1612 pouvoir
1416 1562 1599 1603 discuter
1628 1562 1680 1603 de
1700 1563 1795 1605 vive

215 1629 320 1669 voix
340 1641 393 1668 ou
414 1640 490 1681 par
509 1628 613 1668 ecrit
644 1627 755 1667 leurs
787 1639 968 1676 erreurs,
990 1627 1049 1667 les
1070 1627 1176 1667 faire
1197 1627 1446 1679 disparaiue
1467 1627 1517 1667 de
1543 1627 1704 1681 l’esprit
1722 1628 1795 1670 des

219 1694 381 1741 faibtes,
400 1693 596 1733 arracher
616 1693 656 1732 16
675 1704 783 1744 peau
804 1692 855 1732 de
874 1692 1027 1742 brebis,
1050 1696 1092 1732 et
1113 1695 1300 1731 montrer
1331 1692 1371 1731 16
1400 1704 1504 1743 rege
1527 1692 1577 1732 de
1597 1693 1696 1745 loup
1718 1693 1793 1746 qui

217 1771 263 1799 se
282 1759 422 1799 cache.
463 1759 571 1798 C'est
591 1770 696 1809 pour
716 1769 761 1797 66
782 1757 908 1797 motis
925 1769 1006 1809 que
1026 1757 1151 1796 Denis
1170 1756 1467 1796 d'Alexandrie
1487 1760 1605 1809 16661
1638 1757 1695 1798 (16
1714 1758 1794 1799 6161

214 1823 368 1864 1“01(116
389 1824 439 1863 (16
459 1823 535 1862 1116
557 1823 615 1862 les
636 1822 759 1862 livres
780 1822 1018 1874 heretiques
1038 1825 1080 1861 et
1100 1821 1165 1861 fut
1178 1821 1285 1874 juge
1311 1821 1394 1861 bon
1422 1823 1446 1861 6
1478 1827 1543 1862 661
1562 1822 1685 1863 office
1714 1835 1792 1875 par

216 1890 256 1930 16
276 1889 546 1940 temoignage
566 1888 616 1928 de
636 1891 701 1927 661
720 1887 873 1927 016616.
896 1888 1012 1927 Cette
1032 1887 1206 1927 histoire
1237 1890 1300 1927 est
1333 1890 1527 1927 16606166
1558 1900 1636 1940 par
1664 1888 1792 1931 Denis

1022 2035 1118 2071 siam
1148 2039 1339 2072 accusent.
1378 2035 1434 2071 An
1472 2046 1551 2072 non
1585 2035 1643 2072 hae
1679 2046 1790 2075 voces

215 2038 306 2075 serit
327 2036 449 2074 verbis
469 2040 622 2072 sanctus
643 2035 714 2072 Leo
736 2046 769 2071 2«
792 2035 895 2071 Sicut
915 2035 983 2071 de-

1022 2087 1111 2119 sunt
1130 2083 1381 2128 serpentinae?
1407 2083 1563 2120 Interim
1595 2094 1790 2123 sermones

214 2085 405 2132 cipiendis
426 2084 559 2131 primis
576 2082 794 2120 hominibus
816 2083 983 2119 ministe-

215 2133 315 2170 rium
336 2133 407 2169 sibi
429 2131 613 2178 serpentis
643 2131 846 2185 assumpsit
868 2131 983 2167 hostis

214 2185 363 2224 nostem
387 2181 436 2216 ita
469 2179 731 2215 haereticorum
763 2179 909 2224 linguas
937 2179 983 2214 ad

213 2229 449 2266 seducendos
479 2232 664 2263 rectorum
686 2226 835 2262 animos
867 2237 982 2262 vene-

213 2287 264 2314 no
286 2287 362 2312 suae
385 2275 555 2311 salsitatis
575 2274 745 2310 armavit.
771 2290 784 2307 n
804 2275 909 2310 Certe
931 2274 982 2319 ip-

213 2325 245 2361 si
266 2329 354 2360 sunt
377 2323 444 2359 titii
465 2324 612 2358 Sutunze
643 2327 679 2357 ct
709 2321 896 2368 serpentis
918 2321 981 2357 in-

213 2371 436 2415 terrogantis
454 2380 461 2406 :
484 2371 556 2406 Cur
571 2369 748 2416 praecepit
763 2368 868 2404 vobis
885 2369 980 2405 Deus

214 2430 291 2456 non
313 2419 511 2456 comedere
532 2417 577 2453 do
600 2417 702 2460 tigno
717 2418 732 2452 Ρ
750 2416 836 2452 [(160
857 2416 980 2452 solent

214 2467 357 2504 Fideles
376 2466 526 2510 ungi-odi
548 2475 613 2512 per
633 2466 706 2500 (tur
719 2468 754 2499 et
768 2463 976 2507 Quomodo.

209 2516 283 2550 Cui·
313 2519 364 2550 tot
394 2524 563 2560 praecepa
581 2514 595 2548 Ρ
615 2514 688 2548 Cur
709 2516 760 2547 tot
777 2511 923 2557 jeJ'uniu
943 2515 976 2546 ot

206 2562 460 2597 abstine-nuzo,
497 2562 569 2596 (Zur
598 2570 712 2596 cuncs
744 2559 865 2594 vctiuc
895 2558 976 2594 die-

210 2607 280 2645 bus
303 2609 481 2645 Veneris?
501 2610 573 2644 (tur
595 2612 647 2643 tot
668 2607 706 2643 in
722 2605 889 2643 Ecclesia
909 2615 977 2642 666-

209 2657 417 2693 remonioe?
442 2656 637 2699 Quomodo
669 2653 807 2691 Christi
839 2663 976 2699 corpus

207 2714 271 2741 sex
306 2704 442 2751 pedum
478 2707 595 2749 potest
629 2712 709 2738 osse
740 2700 809 2738 sub
840 2700 972 2745 exiguo

207 2751 318 2798 panis
339 2751 489 2798 specio?
509 2749 704 2794 Quomodo
718 2748 817 2787 idem
838 2758 975 2794 corpus

208 2799 387 2845 potestte
410 2797 579 2845 pluribus
603 2797 694 2834 locis
723 2795 834 2833 simui
863 2798 974 2832 osse?

204 2846 403 2891 Quomodo
437 2850 557 2893 potest
586 2845 685 2890 juste
718 2843 828 2881 lectio
869 2842 973 2878 vobis

205 2893 395 2941 prohiberi
428 2902 544 2930 sacrm
570 2892 814 2937 scriptumst
832 2891 916 2926 tlaeo
937 2895 972 2926 ot

203 2941 236 2978 st
258 2941 362 2978 mitto
381 2940 512 2977 crebro
533 2939 715 2986 replicant
734 2937 972 2984 simpliciori-

203 2988 288 3038 bus,
312 2988 517 3036 utranam,
547 2992 584 3025 et
613 2986 807 3036 injustitiae
837 2985 971 3025 Roote-

1022 2135 1056 2166 et
1093 2130 1213 2166 libelli
1244 2141 1388 2171 eorum,
1423 2130 1613 2167 similibus
1643 2136 1790 2170 scatent

1022 2178 1201 2224 malignis
1239 2178 1609 2224 interrogationibus,
1650 2178 1789 2226 quibus

1022 2226 1162 2262 millies
1200 2235 1422 2271 responsum
1460 2231 1515 2262 est
1548 2225 1595 2262 ab
1629 2225 1687 2263 his
1723 2227 1788 2274 qui

1022 2274 1108 2309 {idei
1131 2277 1306 2309 tenentur
1326 2273 1508 2309 rationem
1530 2273 1697 2311 reddere.

1070 2321 1181 2357 Porro
1204 2320 1385 2356 libroruin
1410 2320 1671 2357 haereticorum
1705 2322 1785 2359 lec-

1020 2368 1070 2404 tio
1102 2366 1324 2414 quibusdam
1347 2378 1424 2404 non
1445 2367 1569 2404 solum
1594 2369 1786 2415 permitti-

1019 2419 1091 2458 tur,
1113 2415 1176 2450 sed
1198 2414 1309 2450 otium
1329 2414 1591 2460 committitur,
1613 2417 1702 2462 quia
1721 2427 1784 2454 56-

1018 2462 1064 2498 115
1085 2462 1123 2498 in
1147 2462 1219 2498 tide
1242 2462 1353 2507 tirmi,
1376 2463 1539 2510 satisque
1556 2464 1783 2509 eruditi,er-

1018 2520 1119 2546 rores
1137 2520 1267 2546 eorum
1289 2510 1401 2547 verbo
1420 2510 1475 2547 vel
1499 2511 1638 2557 scripto
1652 2511 1783 2550 discu-

1017 2561 1092 2594 tere
1114 2561 1284 2604 possunt,
1306 2562 1342 2594 et
1372 2557 1418 2594 ab
1449 2558 1588 2595 animis
1619 2558 1784 2598 infirmis

1015 2610 1204 2650 excutere,
1218 2605 1446 2651 ovinumque
1466 2606 1604 2652 pellem
1624 2611 1784 2653 possunt.

1014 2653 1174 2699 auferre,
1191 2657 1226 2689 ot
1248 2653 1416 2699 lupinum
1439 2652 1579 2690 rabiem
1602 2653 1782 2694 latentem

1013 2701 1224 2737 ostendere.
1247 2699 1303 2737 Ob
1337 2710 1419 2737 eam
1452 2710 1604 2738 causam
1637 2701 1781 2749 010113-

1013 2747 1090 2783 sius
1135 2747 1411 2784 Alexandrinus
1447 2747 1590 2785 coetcsti
1626 2748 1780 2788 oraculo

1009 2795 1138 2843 jussus
1170 2800 1225 2832 est
1258 2795 1372 2832 libros
1412 2795 1607 2834 haereticos
1640 2796 1780 2844 legere,

1011 2843 1255 2898 ejusdemque
1279 2843 1423 2879 oraculi
1455 2843 1671 2882 testimonio
1690 2844 1776 2882 ido-

1011 2901 1106 2927 neus
1126 2890 1171 2927 ad
1194 2890 1229 2927 id
1247 2890 1437 2936 judicatus
1469 2894 1538 2928 cst.
1574 2890 1777 2930 Historiam

1011 2937 1109 2975 hanc
1155 2937 1337 2974 habemus
1380 2948 1424 2975 ex
1476 2937 1558 2984 ipso
1597 2938 1776 2985 Dionysio

1010 2985 1175 3034 Epistola
1205 2985 1253 3023 ad
1285 2985 1547 3024 Philemonem
1576 2985 1776 3035 presbyte-
