1884 3164
1674 0 1764 36 μψῑ
1780 0 1788 27 ι

217 3 223 12 ·
268 0 289 28 .-
330 0 347 11 ”
385 0 1100 47 ητ·,Ψέ-“.ῖ«1>.“’»,.·ΐ-”,·“ῑΐιῖ”»’<
1159 0 1250 36 ”·“.·

525 62 588 87 ,δι’
611 84 626 90 VN
675 56 699 62 ι.
759 55 786 71 ι’
831 71 841 82 ,Ι
1117 55 1129 74 i·
1695 74 1698 77 ’

1599 0 1773 127 affam-

1631 138 1635 141 ·
1652 130 1676 153 ἓ
1695 152 1706 156 ,Α
1771 146 1797 151 --

485 213 490 216 Δ
1675 162 1755 228 {21
1824 191 1837 199 ’

183 269 286 314 ques
319 256 492 309 l'image
527 255 586 297 du
621 257 797 298 Pasteur
839 259 1089 310 rapportant
1124 267 1206 297 8118
1242 257 1374 310 petite
1410 256 1550 298 brebis
1587 272 1661 301 sur
1694 259 1758 303 185

183 322 367 377 81188185.
387 322 459 371 Or,
478 321 757 363 :lesus-Christ
775 321 886 362 aime
918 322 958 362 18
983 334 1069 364 non
1089 320 1299 374 d’agneau
1320 325 1363 362 81
1381 322 1420 362 18
1440 335 1542 363 nom
1572 324 1624 364 de
1655 326 1759 367 Pas·

181 391 291 437 tear,
303 398 428 440 parce
449 398 545 439 que,
561 397 726 427 comme
744 385 784 427 le
805 386 866 427 dit
881 386 990 427 saint
1008 386 1222 439 Fulgence
1239 398 1249 427 :
1270 403 1291 423 «
1305 388 1483 439 Agneau
1502 391 1545 428 et
1563 389 1756 440 Pasteur,

181 455 274 495 tout
292 452 378 492 818
397 451 491 501 fois,
513 451 545 491 il
564 463 670 492 nous
699 451 902 492 conduira
921 452 1028 492 dans
1054 451 1113 492 les
1132 452 1290 501 5188185,
1313 452 1431 493 Celui
1451 452 1523 505 qui
1554 452 1606 492 de
1637 452 1759 506 loups

178 528 286 559 nous
304 529 331 557 8
349 516 447 557 faits
464 517 736 570 8388881811
755 521 818 558 851
843 517 1116 570 aujourd'hui
1146 522 1318 570 pasteur
1348 521 1391 558 81
1424 518 1600 570 gar-lien
1619 517 1672 559 (18
1691 530 1758 559 ces

180 583 339 625 memes
356 581 511 632 brebis,
533 594 639 635 pour
670 582 894 635 lesquelles
925 582 956 623 il
988 583 1054 623 fut
1084 594 1253 635 agneau
1278 586 1324 623 et
1357 583 1538 623 victime.
1562 582 1707 636 (Lettre
1733 582 1759 623 ἀ

180 645 374 701 Florem.)
397 662 418 684 8

235 713 314 753 Π85
330 712 429 762 lurs,
452 712 504 752 de
522 713 661 753 meme
682 712 785 766 qu’il
811 725 841 765 y
874 726 900 753 a
931 712 1116 754 diverses
1136 713 1297 753 raisons
1315 713 1388 766 qui
1420 713 1525 753 l'ont
1557 713 1632 753 fait
1662 725 1756 754 sur-

181 788 375 821 nommer
397 779 587 829 Pasteur,
609 778 639 818 il
658 790 687 830 y
706 790 731 818 8
750 778 860 818 88551
881 778 1062 819 diverses
1080 779 1242 818 raisons
1256 778 1329 831 qui
1343 791 1448 819 nous
1469 779 1509 820 18
1529 778 1622 818 font
1642 778 1755 819 desi·

182 854 289 895 gner
307 854 404 883 sous
421 842 461 883 le
481 855 580 884 nom
598 843 650 884 (18
669 843 808 884 brebis
828 857 838 884 :

235 910 277 950 1⁰
297 908 406 950 c’est
425 920 548 962 parce
569 921 666 962 que,
690 911 713 949 8
745 921 868 949 88858
888 909 943 948 (18
970 909 1116 962 peche,
1142 921 1285 949 «nous
1314 921 1419 949 nous
1451 920 1632 950 sommes
1663 912 1760 950 tous

181 976 344 1027 egeres,
372 974 532 1015 chacun
554 975 658 1015 dans
678 987 724 1014 sa
743 974 850 1023 voie,
873 986 1037 1015 comme
1070 975 1143 1015 des
1173 975 1327 1025 brebiS‚
1344 990 1364 1011 »
1388 986 1495 1027 pour
1514 977 1760 1027 emprunter

180 1039 221 1079 18
239 1039 422 1092 1883868
449 1039 874 1093 d'lsaie(lsai·e.1„111.)
898 1040 1006 1080 C’est
1038 1040 1145 1080 ainsi
1177 1052 1327 1080 encore
1361 1052 1442 1093 que
1472 1040 1584 1080 saint
1615 1039 1761 1081 Pierre

181 1103 243 1144 dit
262 1116 347 1144 aux
367 1104 511 1146 fideles
541 1106 751 1146 convertis
773 1119 782 1145 :
804 1122 823 1143 «
844 1106 957 1147 Vous
978 1105 1083 1146 etiez
1102 1117 1266 1145 comme
1298 1105 1371 1146 des
1401 1105 1541 1145 brebis
1560 1106 1758 1158 ‹igar-een

181 1168 288 1209 mais
308 1170 573 1210 maintenant
592 1183 694 1210 vous
714 1171 801 1210 8185
831 1172 1078 1211 1810818885
1098 1172 1124 1210 8
1142 1171 1251 1210 88181
1270 1171 1344 1223 qui
1364 1174 1426 1211 est
1457 1171 1495 1211 18
1527 1175 1698 1224 pasteur
1717 1173 1761 1211 81

182 1233 368 1286 l’eveque
389 1235 439 1275 de
460 1247 533 1275 vos
552 1237 681 1276 81885.
702 1234 739 1287 (1
764 1235 881 1289 Epic.
903 1234 950 1275 de
971 1234 1019 1275 S.
1041 1234 1197 1275 Pe’erre.
1220 1246 1268 1284 11,
1291 1235 1377 1287 25.)
1400 1251 1419 1271 υ

236 1300 279 1338 2⁰
299 1299 406 1339 C'est
425 1312 548 1352 parce
569 1312 666 1352 que,
689 1300 740 1340 de
761 1301 898 1340 818188
928 1301 1084 1353 qu’une
1110 1300 1250 1340 brebis
1282 1303 1436 1352 egaree
1454 1304 1517 1341 est
1535 1299 1758 1343 immedia-

182 1367 344 1404 tament
363 1367 539 1417 exposce
560 1367 584 1404 8
603 1365 644 1404 18
663 1365 763 1404 (1881
791 1365 863 1404 (185
895 1364 1016 1417 loups
1041 1378 1095 1404 ou
1115 1365 1187 1405 des
1206 1367 1348 1404 autres
1378 1365 1495 1405 betes
1524 1377 1757 1418 sauvages;

183 1427 235 1469 de
253 1429 405 1478 meme,
428 1442 550 1478 nous,
574 1430 714 1482 quand
735 1442 842 1469 nous
862 1442 1044 1470 sommes
1063 1432 1212 1481 egeres
1232 1442 1308 1482 par
1327 1429 1366 1469 18
1385 1430 1533 1482 peche,
1557 1443 1663 1471 nous
1683 1431 1758 1472 de·
1800 1470 1803 1473 ,

183 1503 341 1534 venons
360 1495 401 1535 18
419 1494 536 1547 proie
555 1495 611 1534 du
633 1494 786 1535 demon
806 1496 878 1547 qui
899 1495 1015 1543 rede,
1038 1494 1268 1535 cherchant
1299 1494 1373 1547 qui
1406 1495 1598 1536 devorer.
1619 1496 1684 1545 Et,
1707 1495 1762 1538 do

183 1558 321 1599 meme
339 1571 420 1612 que
441 1559 482 1599 18
500 1559 639 1600 brebis
661 1559 728 1600 n'a
748 1560 865 1613 point
890 1561 942 1600 de
975 1561 1095 1600 dents
1115 1572 1277 1599 comme
1310 1559 1349 1599 le
1381 1560 1519 1610 chien,
1542 1560 1594 1600 de
1616 1560 1762 1612 griffes

181 1635 345 1665 comme
363 1625 402 1665 le
422 1625 534 1676 chat,
556 1625 607 1665 (18
627 1637 775 1665 cornes
794 1637 957 1665 comme
977 1625 1015 1665 18
1041 1625 1171 1673 boeuf,
1194 1638 1301 1678 pour
1333 1638 1376 1665 se
1407 1625 1631 1674 desendre5
1653 1626 1763 1667 ainsi

180 1688 220 1730 18
237 1689 437 1743 pecheur,
459 1702 512 1731 88
545 1690 725 1744 perdant
757 1690 799 1730 18
832 1692 971 1742 grece,
995 1691 1164 1732 devient
1193 1691 1432 1731 facilcment
1465 1691 1506 1730 18
1539 1691 1655 1743 proie
1688 1690 1761 1732 des

180 1754 297 1796 118185
315 1755 505 1806 cruelles,
522 1755 573 1795 de
591 1757 735 1805 Satan,
753 1755 808 1796 du
829 1756 998 1805 monde,
1015 1756 1066 1796 de
1085 1756 1125 1796 18
1140 1756 1271 1804 cheir,
1289 1768 1412 1809 parce
1428 1756 1531 1808 qu'il
1551 1755 1621 1796 n'a
1639 1755 1763 1808 point

180 1818 361 1861 d’armes
382 1833 489 1874 pour
507 1834 550 1861 se
570 1821 787 1862 desentire.

234 1886 279 1926 3⁰
299 1885 407 1926 C'cst
427 1898 549 1938 parce
570 1899 666 1939 que,
689 1886 741 1927 de
761 1887 899 1927 meme
919 1898 1001 1938 que
1027 1886 1068 1926 18
1098 1886 1252 1933 brebis.
1275 1886 1349 1939 qui
1369 1885 1541 1926 s’ecarte
1561 1886 1616 1926 du
1639 1889 1760 1927 trou-

182 1961 307 2003 8888,
327 1963 382 1990 88
402 1951 482 1991 5811
500 1963 574 2003 pas
595 1954 814 1992 retrouver
840 1964 913 1991 508
944 1951 1128 2001 chemin,
1150 1954 1174 1991 :2
1195 1952 1334 1991 moins
1354 1964 1435 2004 que
1455 1952 1493 1991 le
1513 1955 1686 2004 pasteur
1703 1963 1760 1992 88

182 2014 224 2055 18
242 2015 434 2066 cherche,
457 2016 563 2056 mais
581 2016 744 2068 s'egare
764 2028 914 2056 encore
946 2016 1040 2068 plus
1069 2016 1174 2056 dans
1196 2017 1256 2056 185
1275 2016 1366 2056 bois
1385 2021 1428 2056 81
1459 2018 1520 2056 185
1552 2017 1683 2056 101815
1701 2017 1759 2056 οὺ

588 167 743 213 ansoni)
769 178 983 210 »mucan
1010 170 1140 210 unns
1170 179 1341 215 180855.

184 2177 225 2214 in
250 2176 430 2214 humeros
451 2177 677 2214 revehentis.
700 2178 805 2214 Amat
837 2178 950 2223 igitur

183 2224 354 2262 Christus
373 2229 409 2261 et
425 2226 519 2272 Agni
534 2236 689 2270 nomen,
716 2230 752 2262 ct
772 2226 948 2269 Pastoris,

183 2272 284 2320 quia,
299 2273 403 2310 utait
415 2277 568 2310 sanctus
592 2273 824 2319 Fulgentius,
839 2274 946 2320 epist.

182 2320 231 2356 ad
265 2319 499 2357 Florentium
521 2331 529 2357 :
565 2335 579 2353 α
616 2321 720 2357 Idem
754 2321 881 2368 Agnus
914 2327 949 2357 81

184 2367 313 2405 Pastor
333 2373 433 2415 reget
453 2378 523 2405 nos
542 2368 583 2405 in
609 2368 759 2413 5888818,
782 2370 845 2415 qui
881 2379 950 2405 nos

183 2414 231 2452 de
253 2414 352 2461 lupis
371 2426 461 2453 oves
479 2415 568 2453 fecit
589 2426 598 2453 :
620 2426 825 2462 carumque
846 2427 949 2453 nunc

183 2461 312 2499 ovium
338 2463 466 2500 Pastor
485 2463 605 2500 estad
633 2464 859 2508 custodiam,
881 2476 948 2511 pro

183 2509 322 2557 quibus
340 2510 411 2546 fuit
429 2510 558 2557 Agnus
576 2511 623 2548 ad
643 2511 848 2549 victimam.
874 2527 888 2544 n

233 2556 347 2594 Porro
364 2557 462 2595 51881
482 2558 561 2606 1ρ58
582 2559 709 2596 Pastor
730 2560 950 2596 nominatur

185 2602 233 2641 ob
254 2605 374 2641 varias
394 2605 572 2651 rationes,
592 2606 647 2643 518
667 2606 780 2644 811818
800 2618 946 2644 corres-

183 2651 396 2698 pondenter
425 2653 537 2690 variae
573 2658 661 2690 sunt
701 2655 879 2699 rationes,
901 2654 948 2691 ob

185 2708 278 2746 quas
308 2709 379 2736 nos
412 2700 570 2737 nomine
599 2701 727 2739 ovium
770 2703 948 2750 designa-

187 2756 284 2783 mur.

234 2793 375 2848 Primo,
389 2793 478 2840 quia
489 2803 556 2840 per
567 2799 764 2848 peccatum
776 2809 792 2828 ι
816 2806 949 2833 omncs

184 2850 256 2878 805
271 2851 378 2888 quast
392 2852 479 2878 oves
499 2850 718 2889 erravimus,
743 2844 950 2891 unusquis-

211 2888 310 2926 uein
322 2889 419 2925 viam
430 2898 574 2933 suam,»
590 2893 631 2926 ut
641 2889 806 2937 loquitur
819 2892 947 2928 158185.

211 2934 247 2972 18
265 2940 302 2972 81
321 2940 475 2973 5888185
495 2936 626 2973 Petrus
645 2936 738 2975 dicit
763 2938 950 2976 Fidelibus

186 2983 378 3021 conversis
399 2995 408 3022 :
435 2999 448 3017 ι
471 2983 594 3021 Eratis
613 2984 718 3023 enim
749 2985 846 3023 sicut
863 2997 951 3024 oves

989 2183 1171 2222 81188185,
1193 2177 1257 2214 scd
1271 2176 1444 2214 conversi
1464 2178 1554 2214 estis
1575 2187 1679 2214 nunc
1708 2177 1759 2215 ad

989 2225 1180 2262 Pastorem
1206 2231 1241 2262 81
1277 2226 1507 2272 Episcopum
1540 2225 1760 2263 animarum

990 2278 1209 2309 vestrarum.
1251 2289 1264 2306 u
1303 2273 1492 2316 Secundo,
1532 2273 1620 2319 quia
1658 2273 1759 2311 sicut

988 2321 1068 2357 ovis
1113 2331 1243 2357 errans
1281 2321 1408 2356 statim
1448 2320 1536 2366 lupo
1577 2320 1634 2358 vel
1666 2320 1759 2358 fcrae

988 2368 1145 2405 cuilibet
1164 2368 1329 2405 obnoxia
1350 2368 1404 2414 tit,
1427 2367 1477 2403 118
1507 2372 1543 2403 81
1581 2379 1653 2405 805
1689 2378 1758 2415 per

988 2420 1185 2462 peccatum
1243 2421 1426 2459 errantes,
1462 2415 1575 2452 timus
1629 2416 1759 2463 praeda

987 2462 1153 2506 diabolo,
1183 2464 1247 2508 qui
1275 2463 1410 2499 circuit
1442 2473 1616 2509 quaercns
1643 2473 1758 2510 quem

987 2511 1151 2547 devoret.
1189 2511 1233 2546 Et
1271 2511 1368 2547 sicut
1405 2511 1485 2547 ovis
1516 2521 1588 2548 nec
1625 2511 1759 2548 dentes

990 2557 1100 2595 habet
1126 2562 1166 2594 ut
1184 2558 1306 2603 canis,
1326 2568 1399 2595 nec
1420 2568 1564 2605 ungues
1585 2563 1624 2595 ut
1655 2558 1758 2604 felis,

989 2616 1059 2643 nec
1078 2616 1222 2643 cornua
1248 2606 1367 2642 instar
1399 2605 1520 2649 bovis,
1542 2606 1679 2653 quibus
1717 2616 1758 2644 58

987 2653 1183 2695 dcl'cndat;
1205 2653 1260 2689 sic
1286 2662 1474 2700 peccator,
1508 2654 1649 2690 amissa
1667 2664 1758 2700 gra-

989 2701 1053 2744 tia,
1088 2701 1267 2738 facillime
1299 2701 1341 2737 lit
1376 2702 1500 2748 praeda
1537 2701 1756 2739 crudelibus

990 2748 1140 2792 belluis,
1160 2748 1321 2794 Satanae,
1343 2749 1498 2794 Mundo,
1520 2749 1647 2793 Carni,
1668 2749 1758 2796 quia

988 2807 1068 2832 non
1089 2795 1200 2832 habet
1223 2807 1328 2833 arma
1360 2796 1499 2843 quibus
1530 2807 1570 2832 se
1604 2797 1758 2833 intuea-

990 2848 1062 2880 tur.
1102 2843 1242 2890 Tertio,
1281 2844 1370 2890 quia
1403 2845 1500 2880 sicut
1537 2844 1616 2881 ovis
1648 2843 1754 2879 aber-

989 2901 1079 2928 rans
1091 2902 1113 2927 a
1126 2901 1250 2938 grege,
1260 2891 1336 2928 nisi
1350 2896 1538 2938 quaeratur
1551 2902 1573 2927 a
1590 2895 1755 2937 pastore,

990 2939 1111 2976 redire
1154 2939 1299 2986 nequit,
1345 2940 1410 2976 sed
1455 2939 1613 2975 ulterius
1659 2936 1759 2974 solet

989 2986 1163 3024 aberrare
1182 2997 1249 3034 per
1263 2986 1381 3023 581185
1401 2991 1436 3023 81
1455 2986 1579 3032 sylvas
1596 2994 1755 3032 progre-
