1826 3164
193 143 275 183 370
615 149 662 178 ιιι
691 149 898 180 nanctum
920 150 995 182 nus
1023 141 1345 181 numen-uuus.

190 230 356 271 adressa
376 230 402 269 ὲ
419 228 525 269 Dieu
549 239 559 267 :
579 241 599 266 «
620 224 842 280 seigneur,
864 240 1019 269 ouvrez
1048 241 1138 269 mes
1165 229 1312 278 levres,
1336 232 1379 269 et
1398 240 1469 269 ma
1498 228 1663 270 bouche
1683 240 1764 271 an-
1780 207 1790 218 *
1804 225 1826 237 “’

190 307 377 338 noncem
394 290 467 334 Vos
497 293 721 345 louanges.
744 292 830 347 (Ps.
852 305 887 344 ι,
912 292 995 347 16.)
1015 309 1032 330 n
1053 295 1106 335 Et
1125 306 1277 335 encore
1309 293 1479 334 aiileurs
1501 307 1510 334 :
1533 295 1663 336 Votre
1680 295 1763 337 mi·

189 359 397 401 sericorde
417 363 479 398 est
497 358 591 411 plus
610 358 741 398 douee
761 370 842 411 que
861 358 903 398 la
920 359 1001 407 vie,
1025 372 1112 398 mes
1131 359 1264 400 levres
1283 372 1337 399 ne
1357 362 1565 400 cesseront
1585 359 1636 400 de
1659 371 1764 402 vous

187 426 321 467 louer.
344 427 452 466 Tant
471 436 553 477 que
568 424 613 476 je
631 424 781 475 vivrai,
799 424 843 477 je
864 437 966 464 vous
997 425 1177 474 beon-ai,
1197 425 1414 477 J’eleverai
1446 437 1534 466 mes
1553 425 1689 466 mains
1708 437 1764 466 en

188 494 309 537 voti-e
328 502 444 530 nom.
466 490 561 529 Mon
580 490 674 529 eme
694 501 785 529 sera
804 501 966 530 comme
999 490 1241 542 engraissee
1271 490 1322 529 de
1352 502 1425 529 vos
1455 490 1759 542 benedictione,

189 560 233 598 et
252 568 321 596 ma
340 555 501 595 bouche
521 554 724 594 s'ouvrira
743 567 851 607 pour
882 555 988 595 faire
1008 556 1164 595 eciater
1194 556 1266 595 des
1299 556 1447 596 ehauts
1478 548 1760 608 d’al'legresse.

191 621 276 675 (Ps.
299 631 395 668 LXII,
417 618 525 672 3-5.)
542 634 562 655 »
585 619 693 659 C'est
711 620 934 672 pourquoi,
959 632 1122 660 comme
1141 620 1172 659 it
1204 621 1277 672 n'y
1297 633 1322 660 a
1340 632 1476 660 aucun
1497 625 1688 661 moment
1707 621 1764 660 ou

186 686 389 727 l’homme
407 697 460 725 ne
475 683 635 737 jouisse
654 684 766 724 dela
794 684 920 724 bonte
952 685 1004 724 de
1036 685 1156 733 Dieu,
1180 697 1316 724 aucun
1338 689 1528 724 moment
1559 685 1610 725 de
1641 689 1764 727 notre

186 752 252 792 vie
270 763 354 791 non
375 751 468 803 pius
489 762 541 790 ne
561 750 648 789 doit
667 750 755 789 etre
775 753 946 802 exempt
977 749 1028 789 de
1060 749 1325 801 l'obligation
1346 750 1397 790 de
1424 750 1542 790 louer
1562 750 1684 799 Dieu,
1705 749 1762 790 si-

185 829 271 858 non
292 817 344 856 de
362 815 526 855 bouehe
558 815 764 866 toujours,
795 827 850 855 au
877 815 1014 854 moins
1045 814 1242 862 d’action‚
1264 827 1318 854 en
1351 817 1604 867 rapportunt
1623 818 1717 855 tout
1737 817 1763 855 ὸ,
1797 852 1799 857 ,

185 895 231 923 sa
248 882 434 934 louange
453 884 495 921 81
513 883 536 920 ἐι
558 877 605 920 su
622 880 771 932 gioire,
797 892 851 921 en
883 880 942 919 lui
975 884 1224 919 consuerant
1256 883 1393 920 tontes
1426 893 1503 920 nos
1533 880 1763 922 intentions

185 950 228 988 et
246 950 341 987 tous
369 959 444 986 nos
476 949 601 986 actes.
625 945 742 985 Ainsi
774 945 1029 997 s’accomplit
1060 945 1101 984 la
1131 945 1275 997 parole
1307 946 1363 984 du
1397 946 1617 986 Psalmiste
1641 959 1650 986 :
1674 960 1694 985 ((
1712 947 1762 987 Je

183 1013 347 1053 henirai
367 1012 406 1051 le
427 1011 635 1062 Seigneur
654 1023 705 1050 en
733 1014 826 1050 tout
857 1014 1008 1063 temps,
1032 1023 1076 1050 sa
1096 1011 1278 1062 louange
1310 1022 1403 1050 sera
1434 1011 1625 1062 toujours
1655 1011 1762 1052 dans

183 1091 255 1119 ma
284 1078 460 1118 bouche.
485 1076 571 1129 (Ps.
591 1068 741 1125 xxxm‘,
765 1075 820 1129 1.)
848 1091 867 1114 «
887 1077 942 1116 Ce
964 1075 1070 1115 n’est
1104 1088 1177 1127 pas
1209 1075 1421 1116 d'ailieurs
1442 1076 1675 1117 seulement
1706 1089 1761 1117 en

183 1144 384 1196 agissant‚
409 1141 506 1182 c'est
526 1141 637 1181 aussi
665 1153 719 1181 en
750 1141 972 1192 soufirant,
1003 1141 1128 1193 qu'on
1161 1141 1257 1180 loue
1278 1142 1398 1191 Dieu,
1421 1153 1584 1181 comme
1617 1142 1760 1194 quand

182 1221 242 1249 un
262 1208 458 1248 Chretien
478 1207 638 1247 endure
660 1207 842 1258 quelque
862 1206 985 1246 chose
1018 1218 1125 1258 pour
1145 1218 1190 1245 sa
1211 1205 1360 1257 gleire.
1385 1208 1459 1246 Les
1489 1206 1620 1258 plaies
1639 1209 1682 1248 et
1700 1207 1761 1247 les

184 1274 515 1321 meurtrissures,
535 1272 594 1313 les
611 1272 816 1311 hlessures
842 1274 885 1311 et
916 1271 975 1311 les
995 1274 1178 1310 torturas
1210 1271 1401 1323 inssigees
1433 1284 1516 1311 aux
1548 1284 1670 1324 corps
1689 1272 1761 1313 des

182 1340 377 1391 Martyrs,
402 1338 590 1378 louaient
610 1337 647 1377 le
669 1337 893 1388 seigneur,
910 1336 1053 1389 quand
1073 1336 1124 1375 ils
1144 1336 1392 1376 souffraient
1412 1348 1478 1376 885
1498 1336 1642 1377 choses
1661 1349 1762 1378 avec

181 1417 241 1445 un
262 1416 445 1456 courage
466 1403 690 1443 invincible
710 1415 818 1455 pour
850 1414 894 1441 sa
929 1402 1077 1453 gloire.
1100 1401 1271 1453 Chaque
1305 1406 1449 1453 goutte
1483 1402 1534 1442 de
1565 1414 1674 1455 sang
1691 1404 1760 1443 re-

179 1469 351 1522 pandue
371 1469 475 1509 etait
494 1480 578 1508 une
598 1468 696 1507 voix
729 1467 801 1519 qui
833 1467 965 1506 louait
992 1466 1111 1506 Dieu.
1132 1467 1306 1519 Chaque
1338 1468 1448 1519 plaic
1480 1467 1581 1507 faite
1612 1470 1637 1507 8
1668 1467 1761 1508 leur

182 1547 303 1586 corps
323 1534 426 1574 etait
448 1547 503 1573 un
525 1534 733 1573 caractere
755 1532 827 1584 qui
846 1531 1075 1582 annonqait
1095 1531 1137 1571 18
1158 1532 1290 1583 gleire
1311 1533 1361 1572 de
1387 1533 1493 1572 Dieu
1514 1534 1538 1572 ὲ
1558 1544 1663 1572 ceux
1683 1532 1759 1585 qui
1815 1546 1818 1553 ·

182 1600 224 1640 la
244 1599 456 1651 voyaient.
479 1598 602 1639 Boirc
621 1610 676 1637 uu
697 1597 822 1637 881188
844 1597 899 1636 du
931 1597 1155 1648 Seigneur‚
1179 1596 1317 1636 c’etait
1348 1597 1554 1649 invoquer
1584 1597 1623 1637 18
1655 1609 1757 1638 nom

182 1664 239 1705 du
262 1665 486 1716 Seigneur.
508 1663 630 1705 Voilu
649 1662 857 1715 pourquoi
879 1661 916 1701 le
937 1661 1246 1713 Prophete-Roi
1267 1661 1342 1710 dit,
1364 1674 1418 1701 au
1438 1673 1536 1701 nom
1557 1661 1629 1702 des
1648 1673 1757 1703 mar-

181 1734 270 1782 tyrs
293 1744 340 1770 :»
362 1730 411 1771 Je
431 1728 617 1769 reeevrai
649 1729 686 1767 le
719 1727 846 1766 calice
878 1726 934 1766 du
967 1726 1091 1775 salut,
1113 1730 1154 1765 et
1178 1725 1463 1778 j’invoquerai
1495 1725 1533 1766 18
1566 1738 1667 1766 nom
1698 1726 1756 1768 du

181 1795 409 1847 Seigneur,
430 1797 471 1834 et
485 1794 529 1846 je
548 1805 652 1834 vous
670 1791 832 1833 offrirai
853 1804 910 1831 un
931 1791 1115 1831 sacrifice
1136 1791 1186 1831 de
1219 1791 1419 1844 leuange.
1446 1790 1529 1844 (Ps.
1552 1802 1648 1840 cxv,
1668 1793 1695 1832 4
1714 1795 1755 1833 et

185 2065 199 2081 ι
227 2050 400 2094 Domine,
423 2050 521 2087 iabiu
555 2060 638 2086 mea
670 2050 815 2096 aperies
847 2053 879 2084 et
907 2059 948 2084 os

182 2109 310 2135 meum
335 2097 579 2135 annuntiabit
608 2098 755 2133 laudem
788 2102 903 2133 tunm.
931 2111 943 2127 ι»

179 2146 223 2183 Et
246 2147 378 2183 iterum
412 2145 503 2182 aiibi
527 2156 534 2181 :
563 2158 577 2177 α
601 2146 786 2189 Quoniam
815 2144 947 2180 melior

176 2198 235 2231 851
256 2193 515 2230 misericordia
530 2198 589 2229 tun
605 2204 716 2239 super
731 2193 836 2238 vitas,
850 2191 947 2228 lubia

178 2251 263 2279 meu
287 2240 492 2278 inudnbunt
515 2246 561 2277 te.
582 2241 643 2276 sic
671 2240 889 2276 benedicam
913 2244 946 2274 te

180 2289 221 2327 in
243 2289 315 2325 vita
339 2300 435 2331 inest,
456 2293 491 2325 81
511 2288 550 2325 in
573 2288 728 2324 nominc
750 2293 811 2323 tuo
844 2287 944 2323 levu-

181 2336 226 2373 bo
249 2347 384 2373 innnus
405 2342 499 2372 tuas.
526 2350 539 2368 ι

230 2400 243 2415 u
267 2384 370 2421 Sicut
400 2384 511 2430 adipe
548 2387 583 2419 81
614 2381 845 2429 pinguedine
884 2392 944 2417 re-

176 2430 323 2477 plentur
343 2431 470 2468 animai
491 2441 588 2474 meu,
610 2435 646 2466 et
668 2429 777 2465 tabiis
803 2428 945 2465 exuitu—

179 2479 295 2515 tionis
334 2478 502 2515 laudubit
533 2490 575 2514 os
608 2487 749 2513 mcum.
777 2491 789 2509 ιι
817 2477 944 2522 ltaque

178 2525 275 2563 sicut
317 2526 464 2563 nultum
504 2530 559 2562 est
597 2529 830 2561 momentum
871 2533 943 2569 quo

179 2572 243 2609 Dei
267 2584 342 2610 non
380 2574 514 2610 fruitur
544 2572 656 2609 bomo
687 2572 865 2615 bonitate,
895 2570 942 2607 itu

175 2621 324 2657 nulium
349 2621 431 2657 vine
453 2624 590 2657 nostrie
617 2623 852 2656 momentum
875 2618 941 2654 de-

176 2666 275 2704 beret
302 2678 460 2704 vacuum
482 2679 562 2704 esse
584 2679 604 2703 u
628 2667 691 2703 1)(ιί
721 2666 830 2703 leude
859 2676 943 2711 quan

174 2714 208 2752 ui
230 2726 305 2752 non
341 2726 488 2761 semper
523 2716 561 2751 111
582 2726 660 2757 erc,
682 2714 794 2751 corde
815 2718 939 2749 innuen

175 2761 387 2799 §inridebat
418 2767 454 2798 et
483 2775 503 2797 n
522 2773 607 2806 inre,
630 2761 758 2798 omnin
790 2761 828 2797 in
861 2761 942 2806 ejus

175 2809 324 2847 taudem
358 2814 393 2846 et
425 2773 582 2853 ulei-inni
620 2808 827 2853 referendo,
855 2819 939 2844 ein-

176 2867 265 2895 nem
286 2857 553 2902 internuntium,
574 2866 742 2893 ennium«
759 2866 804 2891 uc
828 2857 940 2892 notio·

176 2915 262 2943 nem
301 2904 335 2941 81
385 2904 559 2941 dicundo.
607 2905 668 2940 Sic
712 2916 745 2939 ιι(
764 2903 941 2949 impletur

173 2951 269 2991 iilud
300 2951 533 2991 psalmisto:
558 2967 571 2984 ι
611 2950 835 2990 Benedicent
866 2951 939 2989 Do-

988 2046 1147 2102 minoin
1167 2048 1272 2084 omni
1299 2052 1481 2095 tempore,
1498 2059 1647 2095 semper
1673 2049 1754 2087 iaus

988 2105 1067 2141 ejus
1088 2106 1125 2132 1n
1147 2107 1211 2132 ore
1233 2107 1329 2132 mco.
1357 2111 1369 2128 n

1043 2144 1275 2187 1nnno‚non
1316 2143 1440 2179 solum
1480 2143 1670 2188 faciendo,
1687 2143 1753 2181 sod

986 2194 1097 2230 eiiam
1145 2191 1336 2236 patiendo,
1366 2190 1600 2227 benedicitur
1640 2191 1750 2238 Deus,

986 2251 1071 2278 cuin
1095 2243 1244 2284 propter
1264 2238 1422 2282 glorium
1443 2238 1523 2283 rjus
1557 2237 1752 2285 quidpiam

986 2287 1124 2334 pntitur
1159 2285 1407 2321 Christianus.
1432 2284 1647 2322 Laudabant
1675 2285 1750 2324 Do-

985 2335 1133 2372 minum
1155 2333 1274 2378 plagae
1294 2338 1329 2367 81
1351 2331 1503 2378 vibices,
1534 2332 1688 2369 vulnera
1716 2337 1752 2371 81

985 2382 1169 2419 torsiones
1202 2380 1404 2424 Martyrum
1439 2379 1661 2426 corporibus
1688 2379 1748 2418 in-

984 2431 1108 2474 flictu»,
1147 2427 1236 2464 dum
1278 2427 1358 2464 benc
1400 2432 1551 2482 propter
1588 2426 1750 2474 gloriam

982 2477 1063 2523 ejus
1082 2476 1212 2512 animo
1229 2475 1368 2512 invicto
1386 2474 1636 2512 sustinebant.
1653 2475 1751 2521 Quot.

982 2529 1095 2569 guttae
1127 2522 1323 2567 sanguinis
1357 2523 1533 2569 prosusoe,
1563 2526 1615 2559 tot
1643 2526 1753 2561 erant

984 2582 1092 2608 voces
1139 2571 1255 2607 Deum
1303 2570 1611 2607 benedicentes:
1660 2573 1752 2617 quot,

983 2619 1101 2666 pinum
1121 2628 1249 2655 coruni
1283 2617 1507 2664 corporibus
1540 2618 1748 2664 improssae,
1812 2616 1826 2650 ,²

982 2672 1033 2702 tot
1070 2670 1177 2703 erunt
1215 2665 1450 2702 characteres
1486 2664 1549 2702 Dei
1586 2664 1747 2712 glorium

981 2713 1272 2768 inspicientibus
1341 2712 1626 2750 annuntiantes.
1697 2712 1748 2751 De

980 2762 1097 2798 881188
1143 2760 1329 2808 passionis
1387 2759 1533 2805 bibitio,
1578 2758 1748 2797 nominis

983 2809 1132 2846 Domini
1153 2812 1230 2845 erut
1262 2807 1463 2844 invocatio.
1489 2807 1557 2844 Pro
1588 2810 1687 2844 terea
1705 2805 1747 2846 iu

994 2867 1141 2893 ›ersonn
1179 2859 1386 2892 murtrum
1425 2853 1517 2892 dicit
1573 2853 1759 2902 ‘ropheta-

981 2869 1116 2949 [ionius
1139 2914 1147 2940 ι
1174 2918 1187 2935 (ι
1229 2902 1390 2939 (luteum
1430 2901 1604 2939 salutaris
1640 2901 1746 2940 uoci-

980 2952 1149 2999 piam,et
1178 2960 1319 2989 nomon
1359 2948 1512 2988 Domini
1543 2948 1746 2996 invocabo,

1819 2710 1826 2737 1

1821 2757 1826 2787 i

1812 2789 1826 2927 i

1820 2932 1826 2951 ι

1799 3160 1801 3164 .
1814 3094 1826 3164 i
