<?xml version="1.0" encoding="UTF-8"?>
<!DOCTYPE html PUBLIC "-//W3C//DTD XHTML 1.0 Transitional//EN"
    "http://www.w3.org/TR/xhtml1/DTD/xhtml1-transitional.dtd">
<html xmlns="http://www.w3.org/1999/xhtml" xml:lang="en" lang="en">
 <head>
  <title>
</title>
<meta http-equiv="Content-Type" content="text/html;charset=utf-8" />
  <meta name='ocr-system' content='tesseract 3.04.00' />
  <meta name='ocr-capabilities' content='ocr_page ocr_carea ocr_par ocr_line ocrx_word'/>
</head>
<body>
  <div class='ocr_page' id='page_1' title='image "./lerationaldespr03marc_0443.png"; bbox 0 0 1826 3164; ppageno 0'>
   <div class='ocr_carea' id='block_1_1' title="bbox 439 113 1687 181">
    <p class='ocr_par' dir='ltr' id='par_1_1' title="bbox 439 113 1687 181">
     <span class='ocr_line' id='line_1_1' title="bbox 439 113 1687 181; baseline 0.031 -38"><span class='ocrx_word' id='word_1_1' title='bbox 439 113 596 147; x_wconf 71' lang='lat' dir='ltr'>sncottn</span> <span class='ocrx_word' id='word_1_2' title='bbox 617 117 838 154; x_wconf 12' lang='lat' dir='ltr'>temnens</span> <span class='ocrx_word' id='word_1_3' title='bbox 865 119 994 159; x_wconf 63' lang='lat' dir='ltr'>aruns</span> <span class='ocrx_word' id='word_1_4' title='bbox 1022 129 1074 161; x_wconf 77' lang='lat' dir='ltr'>LA</span> <span class='ocrx_word' id='word_1_5' title='bbox 1103 130 1353 169; x_wconf 66' lang='lat' dir='ltr'>rnnwncom&#39;.</span> <span class='ocrx_word' id='word_1_6' title='bbox 1607 128 1687 181; x_wconf 71' lang='lat'>433</span> 
     </span>
    </p>
   </div>
   <div class='ocr_carea' id='block_1_2' title="bbox 102 182 1686 461">
    <p class='ocr_par' dir='ltr' id='par_1_2' title="bbox 102 182 1686 461">
     <span class='ocr_line' id='line_1_2' title="bbox 107 182 1686 270; baseline 0.029 -47"><span class='ocrx_word' id='word_1_7' title='bbox 107 182 236 237; x_wconf 81' lang='lat' dir='ltr'>alors,</span> <span class='ocrx_word' id='word_1_8' title='bbox 257 194 530 242; x_wconf 75' lang='lat' dir='ltr'>empruntant</span> <span class='ocrx_word' id='word_1_9' title='bbox 548 192 590 235; x_wconf 83' lang='lat' dir='ltr'>la</span> <span class='ocrx_word' id='word_1_10' title='bbox 607 197 751 248; x_wconf 84' lang='lat' dir='ltr'>parole</span> <span class='ocrx_word' id='word_1_11' title='bbox 770 200 823 242; x_wconf 91' lang='lat' dir='ltr'>de</span> <span class='ocrx_word' id='word_1_12' title='bbox 841 202 937 255; x_wconf 83' lang='lat' dir='ltr'>Job,</span> <span class='ocrx_word' id='word_1_13' title='bbox 951 205 982 246; x_wconf 88' lang='lat' dir='ltr'>il</span> <span class='ocrx_word' id='word_1_14' title='bbox 1000 206 1061 248; x_wconf 92' lang='lat' dir='ltr'>lui</span> <span class='ocrx_word' id='word_1_15' title='bbox 1080 211 1241 264; x_wconf 79' lang='lat' dir='ltr'>repond</span> <span class='ocrx_word' id='word_1_16' title='bbox 1258 217 1347 257; x_wconf 84' lang='lat' dir='ltr'>:Tu</span> <span class='ocrx_word' id='word_1_17' title='bbox 1363 220 1502 270; x_wconf 80' lang='lat' dir='ltr'>parles</span> <span class='ocrx_word' id='word_1_18' title='bbox 1521 235 1686 270; x_wconf 86' lang='lat' dir='ltr'>comme</span> 
     </span>
     <span class='ocr_line' id='line_1_3' title="bbox 105 244 1684 334; baseline 0.028 -47"><span class='ocrx_word' id='word_1_19' title='bbox 105 248 166 289; x_wconf 87' lang='lat' dir='ltr'>les</span> <span class='ocrx_word' id='word_1_20' title='bbox 183 244 360 294; x_wconf 72' lang='lat' dir='ltr'>femmas</span> <span class='ocrx_word' id='word_1_21' title='bbox 379 254 600 298; x_wconf 74' lang='lat' dir='ltr'>insonsees.</span> <span class='ocrx_word' id='word_1_22' title='bbox 626 259 728 314; x_wconf 83' lang='lat' dir='ltr'>(Job.</span> <span class='ocrx_word' id='word_1_23' title='bbox 751 275 797 313; x_wconf 85' lang='lat'>11,</span> <span class='ocrx_word' id='word_1_24' title='bbox 822 267 904 320; x_wconf 80' lang='lat'><strong>10.)</strong></span> <span class='ocrx_word' id='word_1_25' title='bbox 927 270 973 311; x_wconf 90' lang='lat' dir='ltr'>Si</span> <span class='ocrx_word' id='word_1_26' title='bbox 994 275 1040 312; x_wconf 85' lang='lat' dir='ltr'>tu</span> <span class='ocrx_word' id='word_1_27' title='bbox 1073 275 1222 317; x_wconf 78' lang='lat' dir='ltr'>aimais</span> <span class='ocrx_word' id='word_1_28' title='bbox 1253 281 1577 329; x_wconf 73' lang='lat' dir='ltr'>veritablement</span> <span class='ocrx_word' id='word_1_29' title='bbox 1610 295 1684 334; x_wconf 87' lang='lat' dir='ltr'>ton</span> 
     </span>
     <span class='ocr_line' id='line_1_4' title="bbox 104 316 1680 410; baseline 0.028 -57"><span class='ocrx_word' id='word_1_30' title='bbox 104 316 227 367; x_wconf 83' lang='lat' dir='ltr'>mari,</span> <span class='ocrx_word' id='word_1_31' title='bbox 247 320 293 357; x_wconf 85' lang='lat' dir='ltr'>tu</span> <span class='ocrx_word' id='word_1_32' title='bbox 314 330 367 359; x_wconf 89' lang='lat' dir='ltr'>ne</span> <span class='ocrx_word' id='word_1_33' title='bbox 385 321 583 363; x_wconf 81' lang='lat' dir='ltr'>tenterais</span> <span class='ocrx_word' id='word_1_34' title='bbox 603 326 723 377; x_wconf 85' lang='lat' dir='ltr'>point</span> <span class='ocrx_word' id='word_1_35' title='bbox 740 341 818 382; x_wconf 84' lang='lat' dir='ltr'>par</span> <span class='ocrx_word' id='word_1_36' title='bbox 837 332 1127 380; x_wconf 86' lang='lat' dir='ltr'>d&#39;insidieuses</span> <span class='ocrx_word' id='word_1_37' title='bbox 1147 354 1328 386; x_wconf 81' lang='lat' dir='ltr'>caresses</span> <span class='ocrx_word' id='word_1_38' title='bbox 1348 347 1400 388; x_wconf 91' lang='lat' dir='ltr'>de</span> <span class='ocrx_word' id='word_1_39' title='bbox 1429 350 1468 391; x_wconf 90' lang='lat' dir='ltr'>le</span> <span class='ocrx_word' id='word_1_40' title='bbox 1499 356 1680 410; x_wconf 80' lang='lat' dir='ltr'>precipi-</span> 
     </span>
     <span class='ocr_line' id='line_1_5' title="bbox 102 380 1679 461; baseline 0.029 -44"><span class='ocrx_word' id='word_1_41' title='bbox 102 380 168 421; x_wconf 83' lang='lat' dir='ltr'>ter</span> <span class='ocrx_word' id='word_1_42' title='bbox 185 380 290 422; x_wconf 81' lang='lat' dir='ltr'>dens</span> <span class='ocrx_word' id='word_1_43' title='bbox 307 381 348 423; x_wconf 87' lang='lat' dir='ltr'>la</span> <span class='ocrx_word' id='word_1_44' title='bbox 368 385 486 426; x_wconf 89' lang='lat' dir='ltr'>ruine</span> <span class='ocrx_word' id='word_1_45' title='bbox 506 387 632 430; x_wconf 87' lang='lat' dir='ltr'>d’une</span> <span class='ocrx_word' id='word_1_46' title='bbox 650 395 828 437; x_wconf 80' lang='lat' dir='ltr'><strong>seconde</strong></span> <span class='ocrx_word' id='word_1_47' title='bbox 846 404 975 441; x_wconf 88' lang='lat' dir='ltr'>mort.</span> <span class='ocrx_word' id='word_1_48' title='bbox 997 403 1159 456; x_wconf 84' lang='lat' dir='ltr'>AHons,</span> <span class='ocrx_word' id='word_1_49' title='bbox 1182 409 1310 461; x_wconf 88' lang='lat' dir='ltr'>qu&#39;on</span> <span class='ocrx_word' id='word_1_50' title='bbox 1330 412 1457 455; x_wconf 79' lang='lat' dir='ltr'>m&#39;ote</span> <span class='ocrx_word' id='word_1_51' title='bbox 1483 428 1572 458; x_wconf 86' lang='lat' dir='ltr'>mes</span> <span class='ocrx_word' id='word_1_52' title='bbox 1603 433 1679 461; x_wconf 89' lang='lat' dir='ltr'>en-</span> 
     </span>
    </p>
   </div>
   <div class='ocr_carea' id='block_1_3' title="bbox 5 574 1675 1025">
    <p class='ocr_par' dir='ltr' id='par_1_3' title="bbox 5 574 1675 1025">
     <span class='ocr_line' id='line_1_6' title="bbox 95 574 1675 667; baseline 0.03 -57"><span class='ocrx_word' id='word_1_53' title='bbox 95 574 222 627; x_wconf 81' lang='lat' dir='ltr'>esprit</span> <span class='ocrx_word' id='word_1_54' title='bbox 257 579 431 619; x_wconf 83' lang='lat' dir='ltr'>attentis</span> <span class='ocrx_word' id='word_1_55' title='bbox 464 583 489 620; x_wconf 76' lang='lat' dir='ltr'>a</span> <span class='ocrx_word' id='word_1_56' title='bbox 526 595 593 624; x_wconf 88' lang='lat' dir='ltr'>ces</span> <span class='ocrx_word' id='word_1_57' title='bbox 632 599 864 638; x_wconf 86' lang='lat' dir='ltr'>promesses</span> <span class='ocrx_word' id='word_1_58' title='bbox 905 608 914 635; x_wconf 94' lang='lat'><strong>:</strong></span> <span class='ocrx_word' id='word_1_59' title='bbox 955 598 1073 639; x_wconf 89' lang='lat' dir='ltr'>Celui</span> <span class='ocrx_word' id='word_1_60' title='bbox 1112 603 1185 654; x_wconf 89' lang='lat' dir='ltr'>qui</span> <span class='ocrx_word' id='word_1_61' title='bbox 1223 617 1276 645; x_wconf 86' lang='lat' dir='ltr'>ne</span> <span class='ocrx_word' id='word_1_62' title='bbox 1317 620 1500 652; x_wconf 87' lang='lat' dir='ltr'>renonce</span> <span class='ocrx_word' id='word_1_63' title='bbox 1541 627 1616 667; x_wconf 84' lang='lat' dir='ltr'>pas</span> <span class='ocrx_word' id='word_1_64' title='bbox 1649 620 1675 657; x_wconf 73' lang='lat' dir='ltr'>a</span> 
     </span>
     <span class='ocr_line' id='line_1_7' title="bbox 91 638 1672 731; baseline 0.03 -55"><span class='ocrx_word' id='word_1_65' title='bbox 91 649 136 679; x_wconf 83' lang='lat' dir='ltr'>sa</span> <span class='ocrx_word' id='word_1_66' title='bbox 154 638 322 690; x_wconf 85' lang='lat' dir='ltr'>femme,</span> <span class='ocrx_word' id='word_1_67' title='bbox 347 644 372 682; x_wconf 73' lang='grc' dir='ltr'>ὸ,</span> <span class='ocrx_word' id='word_1_68' title='bbox 391 656 454 684; x_wconf 88' lang='lat' dir='ltr'>ses</span> <span class='ocrx_word' id='word_1_69' title='bbox 480 648 661 700; x_wconf 82' lang='lat' dir='ltr'>enfants‚</span> <span class='ocrx_word' id='word_1_70' title='bbox 685 655 709 692; x_wconf 77' lang='lat' dir='ltr'>a</span> <span class='ocrx_word' id='word_1_71' title='bbox 735 667 799 696; x_wconf 87' lang='lat' dir='ltr'>ses</span> <span class='ocrx_word' id='word_1_72' title='bbox 830 659 1017 715; x_wconf 87' lang='lat' dir='ltr'>champs‚</span> <span class='ocrx_word' id='word_1_73' title='bbox 1047 667 1072 704; x_wconf 78' lang='lat' dir='ltr'>a</span> <span class='ocrx_word' id='word_1_74' title='bbox 1102 679 1226 709; x_wconf 82' lang='lat' dir='ltr'>cause</span> <span class='ocrx_word' id='word_1_75' title='bbox 1259 671 1310 711; x_wconf 88' lang='lat' dir='ltr'>de</span> <span class='ocrx_word' id='word_1_76' title='bbox 1343 686 1443 715; x_wconf 85' lang='lat' dir='ltr'>mon</span> <span class='ocrx_word' id='word_1_77' title='bbox 1477 690 1593 731; x_wconf 89' lang='lat' dir='ltr'>nom,</span> <span class='ocrx_word' id='word_1_78' title='bbox 1615 694 1672 724; x_wconf 85' lang='lat' dir='ltr'>ne</span> 
     </span>
     <span class='ocr_line' id='line_1_8' title="bbox 89 705 1669 794; baseline 0.03 -53"><span class='ocrx_word' id='word_1_79' title='bbox 89 705 248 746; x_wconf 82' lang='lat' dir='ltr'>saurait</span> <span class='ocrx_word' id='word_1_80' title='bbox 266 707 353 747; x_wconf 81' lang='lat' dir='ltr'>etre</span> <span class='ocrx_word' id='word_1_81' title='bbox 373 721 472 750; x_wconf 89' lang='lat' dir='ltr'>mon</span> <span class='ocrx_word' id='word_1_82' title='bbox 493 713 680 768; x_wconf 88' lang='lat' dir='ltr'>disciple.</span> <span class='ocrx_word' id='word_1_83' title='bbox 707 735 725 756; x_wconf 66' lang='grc' dir='ltr'>π</span> <span class='ocrx_word' id='word_1_84' title='bbox 747 722 949 775; x_wconf 82' lang='lat' dir='ltr'>L’epouse</span> <span class='ocrx_word' id='word_1_85' title='bbox 967 741 1011 768; x_wconf 83' lang='lat' dir='ltr'>se</span> <span class='ocrx_word' id='word_1_86' title='bbox 1036 732 1180 782; x_wconf 64' lang='lat' dir='ltr'>restra,</span> <span class='ocrx_word' id='word_1_87' title='bbox 1204 736 1232 774; x_wconf 90' lang='lat' dir='ltr'>il</span> <span class='ocrx_word' id='word_1_88' title='bbox 1267 737 1332 776; x_wconf 83' lang='lat' dir='ltr'>fut</span> <span class='ocrx_word' id='word_1_89' title='bbox 1366 740 1578 794; x_wconf 64' lang='lat' dir='ltr'>depouille</span> <span class='ocrx_word' id='word_1_90' title='bbox 1616 747 1669 789; x_wconf 84' lang='lat' dir='ltr'>de</span> 
     </span>
     <span class='ocr_line' id='line_1_9' title="bbox 86 756 1665 855; baseline 0.031 -49.687"><span class='ocrx_word' id='word_1_91' title='bbox 86 756 263 810; x_wconf 67' lang='grc'><strong>10115505</strong></span> <span class='ocrx_word' id='word_1_92' title='bbox 284 771 415 821; x_wconf 85' lang='lat' dir='ltr'>biens,</span> <span class='ocrx_word' id='word_1_93' title='bbox 446 777 605 819; x_wconf 81' lang='lat' dir='ltr'>affaibli</span> <span class='ocrx_word' id='word_1_94' title='bbox 638 794 715 835; x_wconf 84' lang='lat' dir='ltr'>par</span> <span class='ocrx_word' id='word_1_95' title='bbox 745 786 802 826; x_wconf 89' lang='lat' dir='ltr'>les</span> <span class='ocrx_word' id='word_1_96' title='bbox 834 794 1018 833; x_wconf 86' lang='lat' dir='ltr'>tortures</span> <span class='ocrx_word' id='word_1_97' title='bbox 1049 799 1091 836; x_wconf 87' lang='lat' dir='ltr'>et</span> <span class='ocrx_word' id='word_1_98' title='bbox 1123 799 1263 840; x_wconf 80' lang='lat' dir='ltr'>reduit</span> <span class='ocrx_word' id='word_1_99' title='bbox 1294 815 1319 843; x_wconf 85' lang='lat' dir='ltr'>a</span> <span class='ocrx_word' id='word_1_100' title='bbox 1350 804 1391 844; x_wconf 82' lang='lat' dir='ltr'>la</span> <span class='ocrx_word' id='word_1_101' title='bbox 1423 811 1665 855; x_wconf 79' lang='lat' dir='ltr'>mendicite.</span> 
     </span>
     <span class='ocr_line' id='line_1_10' title="bbox 8 828 1663 920; baseline 0.03 -52"><span class='ocrx_word' id='word_1_102' title='bbox 8 828 25 878; x_wconf 71' lang='lat' dir='ltr'>j</span> <span class='ocrx_word' id='word_1_103' title='bbox 84 831 204 883; x_wconf 82' lang='lat' dir='ltr'>Mais,</span> <span class='ocrx_word' id='word_1_104' title='bbox 226 847 300 876; x_wconf 88' lang='lat' dir='ltr'>son</span> <span class='ocrx_word' id='word_1_105' title='bbox 322 839 517 881; x_wconf 82' lang='lat' dir='ltr'>affection</span> <span class='ocrx_word' id='word_1_106' title='bbox 539 857 645 897; x_wconf 90' lang='lat' dir='ltr'>pour</span> <span class='ocrx_word' id='word_1_107' title='bbox 673 861 716 889; x_wconf 82' lang='lat' dir='ltr'>sa</span> <span class='ocrx_word' id='word_1_108' title='bbox 754 852 909 896; x_wconf 83' lang='lat' dir='ltr'>femme</span> <span class='ocrx_word' id='word_1_109' title='bbox 947 870 1001 898; x_wconf 93' lang='lat' dir='ltr'>ou</span> <span class='ocrx_word' id='word_1_110' title='bbox 1039 873 1148 913; x_wconf 87' lang='lat' dir='ltr'>pour</span> <span class='ocrx_word' id='word_1_111' title='bbox 1186 868 1369 920; x_wconf 76' lang='lat' dir='ltr'><strong>quelque</strong></span> <span class='ocrx_word' id='word_1_112' title='bbox 1405 876 1529 915; x_wconf 74' lang='lat' dir='ltr'>autre</span> <span class='ocrx_word' id='word_1_113' title='bbox 1566 876 1663 918; x_wconf 86' lang='lat' dir='ltr'>bien</span> 
     </span>
     <span class='ocr_line' id='line_1_11' title="bbox 11 894 1663 992; baseline 0.03 -59"><span class='ocrx_word' id='word_1_114' title='bbox 11 894 15 898; x_wconf 86' lang='lat'>&#39;</span> <span class='ocrx_word' id='word_1_115' title='bbox 82 908 137 938; x_wconf 86' lang='lat' dir='ltr'>ne</span> <span class='ocrx_word' id='word_1_116' title='bbox 155 903 231 951; x_wconf 84' lang='lat' dir='ltr'>put</span> <span class='ocrx_word' id='word_1_117' title='bbox 250 902 417 944; x_wconf 83' lang='lat' dir='ltr'>vaincre</span> <span class='ocrx_word' id='word_1_118' title='bbox 437 919 481 947; x_wconf 84' lang='lat' dir='ltr'>sa</span> <span class='ocrx_word' id='word_1_119' title='bbox 502 916 721 955; x_wconf 79' lang='lat' dir='ltr'>constance</span> <span class='ocrx_word' id='word_1_120' title='bbox 740 915 898 969; x_wconf 71' lang='lat' dir='ltr'>(Victor</span> <span class='ocrx_word' id='word_1_121' title='bbox 915 921 1117 979; x_wconf 79' lang='lat' dir='ltr'>d‘Ute&#39;que.</span> <span class='ocrx_word' id='word_1_122' title='bbox 1140 928 1318 972; x_wconf 74' lang='lat' dir='ltr'>Histoire</span> <span class='ocrx_word' id='word_1_123' title='bbox 1334 934 1380 974; x_wconf 85' lang='lat' dir='ltr'>de</span> <span class='ocrx_word' id='word_1_124' title='bbox 1414 936 1456 977; x_wconf 88' lang='grc' dir='ltr'>Ια</span> <span class='ocrx_word' id='word_1_125' title='bbox 1483 942 1663 992; x_wconf 62' lang='lat' dir='ltr'>persecu·</span> 
     </span>
     <span class='ocr_line' id='line_1_12' title="bbox 5 951 517 1025; baseline 0.027 -26"><span class='ocrx_word' id='word_1_126' title='bbox 5 951 21 1010; x_wconf 43' lang='grc' dir='ltr'>ἶ</span> <span class='ocrx_word' id='word_1_127' title='bbox 80 962 164 1003; x_wconf 76' lang='lat' dir='ltr'>tion</span> <span class='ocrx_word' id='word_1_128' title='bbox 183 963 249 1004; x_wconf 83' lang='lat' dir='ltr'>des</span> <span class='ocrx_word' id='word_1_129' title='bbox 277 966 517 1025; x_wconf 80' lang='lat' dir='ltr'>Vandales.).</span> 
     </span>
    </p>
   </div>
   <div class='ocr_carea' id='block_1_4' title="bbox 20 1287 1649 1643">
    <p class='ocr_par' dir='ltr' id='par_1_4' title="bbox 20 1287 1649 1643">
     <span class='ocr_line' id='line_1_13' title="bbox 68 1287 1649 1386; baseline 0.032 -61"><span class='ocrx_word' id='word_1_130' title='bbox 68 1287 298 1332; x_wconf 81' lang='lat' dir='ltr'>debauche.</span> <span class='ocrx_word' id='word_1_131' title='bbox 321 1294 409 1334; x_wconf 87' lang='lat' dir='ltr'>Elle</span> <span class='ocrx_word' id='word_1_132' title='bbox 432 1298 545 1339; x_wconf 82' lang='lat' dir='ltr'>vient</span> <span class='ocrx_word' id='word_1_133' title='bbox 564 1301 681 1353; x_wconf 88' lang='lat' dir='ltr'>donc,</span> <span class='ocrx_word' id='word_1_134' title='bbox 703 1306 902 1358; x_wconf 73' lang='lat' dir='ltr'>pleni-ant</span> <span class='ocrx_word' id='word_1_135' title='bbox 926 1326 1000 1353; x_wconf 91' lang='lat' dir='ltr'>son</span> <span class='ocrx_word' id='word_1_136' title='bbox 1035 1318 1314 1364; x_wconf 83' lang='lat' dir='ltr'>malheureux</span> <span class='ocrx_word' id='word_1_137' title='bbox 1346 1331 1433 1368; x_wconf 87' lang='lat' dir='ltr'>sort</span> <span class='ocrx_word' id='word_1_138' title='bbox 1463 1335 1505 1371; x_wconf 88' lang='lat' dir='ltr'>et</span> <span class='ocrx_word' id='word_1_139' title='bbox 1538 1334 1649 1386; x_wconf 74' lang='lat' dir='ltr'>celui</span> 
     </span>
     <span class='ocr_line' id='line_1_14' title="bbox 62 1350 1643 1447; baseline 0.032 -57"><span class='ocrx_word' id='word_1_140' title='bbox 62 1350 119 1393; x_wconf 84' lang='lat' dir='ltr'>&#39;de</span> <span class='ocrx_word' id='word_1_141' title='bbox 138 1357 253 1396; x_wconf 86' lang='lat' dir='ltr'>toute</span> <span class='ocrx_word' id='word_1_142' title='bbox 273 1369 318 1397; x_wconf 85' lang='lat' dir='ltr'>sa</span> <span class='ocrx_word' id='word_1_143' title='bbox 337 1359 512 1412; x_wconf 84' lang='lat' dir='ltr'>famille,</span> <span class='ocrx_word' id='word_1_144' title='bbox 532 1370 572 1405; x_wconf 87' lang='lat' dir='ltr'>et</span> <span class='ocrx_word' id='word_1_145' title='bbox 592 1377 787 1412; x_wconf 83' lang='lat' dir='ltr'>assurant</span> <span class='ocrx_word' id='word_1_146' title='bbox 806 1374 971 1419; x_wconf 82' lang='lat' dir='ltr'>d’aut-re</span> <span class='ocrx_word' id='word_1_147' title='bbox 990 1386 1085 1432; x_wconf 82' lang='lat' dir='ltr'>part</span> <span class='ocrx_word' id='word_1_148' title='bbox 1105 1397 1187 1436; x_wconf 88' lang='lat' dir='ltr'>que</span> <span class='ocrx_word' id='word_1_149' title='bbox 1207 1387 1246 1427; x_wconf 86' lang='lat' dir='ltr'>le</span> <span class='ocrx_word' id='word_1_150' title='bbox 1267 1390 1344 1430; x_wconf 87' lang='lat' dir='ltr'>Roi</span> <span class='ocrx_word' id='word_1_151' title='bbox 1365 1391 1424 1433; x_wconf 89' lang='lat' dir='ltr'>tui</span> <span class='ocrx_word' id='word_1_152' title='bbox 1454 1403 1643 1447; x_wconf 84' lang='lat' dir='ltr'>promet-</span> 
     </span>
     <span class='ocr_line' id='line_1_15' title="bbox 64 1417 1639 1505; baseline 0.032 -50"><span class='ocrx_word' id='word_1_153' title='bbox 64 1417 141 1458; x_wconf 82' lang='lat' dir='ltr'>tait</span> <span class='ocrx_word' id='word_1_154' title='bbox 160 1419 211 1459; x_wconf 82' lang='lat' dir='ltr'>de</span> <span class='ocrx_word' id='word_1_155' title='bbox 232 1424 388 1473; x_wconf 80' lang='lat' dir='ltr'>grands</span> <span class='ocrx_word' id='word_1_156' title='bbox 408 1426 527 1468; x_wconf 87' lang='lat' dir='ltr'>biens</span> <span class='ocrx_word' id='word_1_157' title='bbox 546 1434 589 1470; x_wconf 84' lang='lat' dir='ltr'>et</span> <span class='ocrx_word' id='word_1_158' title='bbox 608 1432 659 1473; x_wconf 89' lang='lat' dir='ltr'>de</span> <span class='ocrx_word' id='word_1_159' title='bbox 682 1439 838 1486; x_wconf 78' lang='lat' dir='ltr'>grands</span> <span class='ocrx_word' id='word_1_160' title='bbox 858 1441 1090 1497; x_wconf 85' lang='lat' dir='ltr'>honneurs,</span> <span class='ocrx_word' id='word_1_161' title='bbox 1113 1450 1147 1489; x_wconf 88' lang='lat' dir='ltr'>si</span> <span class='ocrx_word' id='word_1_162' title='bbox 1168 1452 1310 1494; x_wconf 87' lang='lat' dir='ltr'>Morus</span> <span class='ocrx_word' id='word_1_163' title='bbox 1331 1458 1490 1500; x_wconf 85' lang='lat' dir='ltr'>voulait</span> <span class='ocrx_word' id='word_1_164' title='bbox 1519 1475 1639 1505; x_wconf 84' lang='lat' dir='ltr'>sous-</span> 
     </span>
     <span class='ocr_line' id='line_1_16' title="bbox 20 1482 1638 1573; baseline 0.033 -54"><span class='ocrx_word' id='word_1_165' title='bbox 20 1523 27 1532; x_wconf 59' lang='grc'>,</span> <span class='ocrx_word' id='word_1_166' title='bbox 62 1482 168 1524; x_wconf 86' lang='lat' dir='ltr'>crire</span> <span class='ocrx_word' id='word_1_167' title='bbox 188 1486 296 1526; x_wconf 71' lang='lat' dir='ltr'>ases</span> <span class='ocrx_word' id='word_1_168' title='bbox 316 1488 460 1531; x_wconf 71' lang='lat' dir='ltr'>desirs.</span> <span class='ocrx_word' id='word_1_169' title='bbox 492 1494 674 1538; x_wconf 82' lang='lat' dir='ltr'>Thomas</span> <span class='ocrx_word' id='word_1_170' title='bbox 705 1501 765 1542; x_wconf 91' lang='lat' dir='ltr'>lui</span> <span class='ocrx_word' id='word_1_171' title='bbox 795 1506 992 1558; x_wconf 79' lang='lat' dir='ltr'>repondit</span> <span class='ocrx_word' id='word_1_172' title='bbox 1023 1524 1033 1551; x_wconf 91' lang='lat'>:</span> <span class='ocrx_word' id='word_1_173' title='bbox 1072 1529 1092 1550; x_wconf 93' lang='lat'>«</span> <span class='ocrx_word' id='word_1_174' title='bbox 1130 1516 1318 1570; x_wconf 85' lang='lat' dir='ltr'>Aloysia,</span> <span class='ocrx_word' id='word_1_175' title='bbox 1358 1525 1546 1568; x_wconf 88' lang='lat' dir='ltr'>combien</span> <span class='ocrx_word' id='word_1_176' title='bbox 1584 1531 1638 1573; x_wconf 86' lang='lat' dir='ltr'>de</span> 
     </span>
     <span class='ocr_line' id='line_1_17' title="bbox 60 1547 1633 1643; baseline 0.032 -57"><span class='ocrx_word' id='word_1_177' title='bbox 60 1547 196 1602; x_wconf 79' lang='lat' dir='ltr'>temps</span> <span class='ocrx_word' id='word_1_178' title='bbox 209 1550 532 1602; x_wconf 81' lang='lat' dir='ltr'>jouirous-nous</span> <span class='ocrx_word' id='word_1_179' title='bbox 552 1561 603 1602; x_wconf 91' lang='lat' dir='ltr'>de</span> <span class='ocrx_word' id='word_1_180' title='bbox 625 1575 691 1603; x_wconf 87' lang='lat' dir='ltr'>ees</span> <span class='ocrx_word' id='word_1_181' title='bbox 711 1565 829 1608; x_wconf 89' lang='lat' dir='ltr'>biens</span> <span class='ocrx_word' id='word_1_182' title='bbox 843 1571 863 1610; x_wconf 81' lang='lat'>⁴?</span> <span class='ocrx_word' id='word_1_183' title='bbox 882 1595 934 1601; x_wconf 88' lang='lat'>——</span> <span class='ocrx_word' id='word_1_184' title='bbox 954 1575 987 1615; x_wconf 91' lang='grc' dir='ltr'>Ο</span> <span class='ocrx_word' id='word_1_185' title='bbox 1009 1589 1109 1619; x_wconf 89' lang='lat' dir='ltr'>mon</span> <span class='ocrx_word' id='word_1_186' title='bbox 1130 1583 1271 1633; x_wconf 81' lang='lat' dir='ltr'>epoux</span> <span class='ocrx_word' id='word_1_187' title='bbox 1290 1585 1531 1643; x_wconf 77' lang='lat' dir='ltr'>bien-aime,</span> <span class='ocrx_word' id='word_1_188' title='bbox 1564 1599 1633 1636; x_wconf 75' lang='lat' dir='ltr'>re-</span> 
     </span>
    </p>
   </div>
   <div class='ocr_carea' id='block_1_5' title="bbox 790 2072 839 2978">
    <p class='ocr_par' dir='ltr' id='par_1_5' title="bbox 790 2072 839 2978">
     <span class='ocr_line' id='line_1_18' title="bbox 816 2072 839 2283; baseline 0 881"><span class='ocrx_word' id='word_1_189' title='bbox 816 2072 839 2283; x_wconf 95' lang='lat' dir='ltr'> </span> 
     </span>
     <span class='ocr_line' id='line_1_19' title="bbox 790 2520 819 2978; baseline 0 0"><span class='ocrx_word' id='word_1_190' title='bbox 790 2520 819 2978; x_wconf 95' lang='lat' dir='ltr'>   </span> 
     </span>
    </p>
   </div>
   <div class='ocr_carea' id='block_1_6' title="bbox 16 2287 1605 2989">
    <p class='ocr_par' dir='ltr' id='par_1_6' title="bbox 21 2287 1605 2895">
     <span class='ocr_line' id='line_1_20' title="bbox 37 2287 1605 2376; baseline 0.035 -56"><span class='ocrx_word' id='word_1_191' title='bbox 37 2287 169 2324; x_wconf 80' lang='lat' dir='ltr'>mortis</span> <span class='ocrx_word' id='word_1_192' title='bbox 217 2294 451 2341; x_wconf 67' lang='lat' dir='ltr'>praecipitare</span> <span class='ocrx_word' id='word_1_193' title='bbox 498 2302 670 2342; x_wconf 84' lang='lat' dir='ltr'>exitium.</span> <span class='ocrx_word' id='word_1_194' title='bbox 709 2309 795 2356; x_wconf 76' lang='lat' dir='ltr'>Age,</span> <span class='ocrx_word' id='word_1_195' title='bbox 839 2314 895 2350; x_wconf 82' lang='lat' dir='ltr'>nil</span> <span class='ocrx_word' id='word_1_196' title='bbox 928 2316 1005 2359; x_wconf 75' lang='lat' dir='ltr'>illa,</span> <span class='ocrx_word' id='word_1_197' title='bbox 1042 2321 1188 2365; x_wconf 74' lang='lat' dir='ltr'>ejulans</span> <span class='ocrx_word' id='word_1_198' title='bbox 1209 2327 1386 2367; x_wconf 76' lang='lat' dir='ltr'>miseram</span> <span class='ocrx_word' id='word_1_199' title='bbox 1427 2344 1534 2372; x_wconf 85' lang='lat' dir='ltr'>suam</span> <span class='ocrx_word' id='word_1_200' title='bbox 1569 2345 1605 2376; x_wconf 82' lang='lat' dir='ltr'>et</span> 
     </span>
     <span class='ocr_line' id='line_1_21' title="bbox 37 2330 1604 2430; baseline 0.036 -64"><span class='ocrx_word' id='word_1_201' title='bbox 37 2330 246 2373; x_wconf 82' lang='lat' dir='ltr'>distrahant</span> <span class='ocrx_word' id='word_1_202' title='bbox 266 2339 418 2387; x_wconf 86' lang='lat' dir='ltr'>liberos,</span> <span class='ocrx_word' id='word_1_203' title='bbox 433 2348 602 2387; x_wconf 77' lang='lat' dir='ltr'>auferant</span> <span class='ocrx_word' id='word_1_204' title='bbox 625 2363 795 2398; x_wconf 77' lang='lat' dir='ltr'>uxorem.</span> <span class='ocrx_word' id='word_1_205' title='bbox 837 2363 950 2400; x_wconf 86' lang='lat' dir='ltr'>totius</span> <span class='ocrx_word' id='word_1_206' title='bbox 970 2366 1125 2405; x_wconf 70' lang='lat' dir='ltr'>familiae</span> <span class='ocrx_word' id='word_1_207' title='bbox 1147 2379 1299 2420; x_wconf 83' lang='lat' dir='ltr'>sortem,</span> <span class='ocrx_word' id='word_1_208' title='bbox 1322 2378 1395 2415; x_wconf 77' lang='lat' dir='ltr'>alia</span> <span class='ocrx_word' id='word_1_209' title='bbox 1421 2391 1465 2417; x_wconf 67' lang='lat' dir='ltr'>ex</span> <span class='ocrx_word' id='word_1_210' title='bbox 1498 2392 1604 2430; x_wconf 86' lang='lat' dir='ltr'>parte</span> 
     </span>
     <span class='ocr_line' id='line_1_22' title="bbox 36 2377 1601 2471; baseline 0.038 -59"><span class='ocrx_word' id='word_1_211' title='bbox 36 2377 215 2426; x_wconf 76' lang='lat' dir='ltr'>diripiant</span> <span class='ocrx_word' id='word_1_212' title='bbox 233 2384 453 2435; x_wconf 49' lang='lat' dir='ltr'>facultatem</span> <span class='ocrx_word' id='word_1_213' title='bbox 476 2405 543 2441; x_wconf 84' lang='lat' dir='ltr'>ego</span> <span class='ocrx_word' id='word_1_214' title='bbox 563 2398 609 2435; x_wconf 82' lang='lat' dir='ltr'>de</span> <span class='ocrx_word' id='word_1_215' title='bbox 644 2402 794 2442; x_wconf 87' lang='lat' dir='ltr'>Domini</span> <span class='ocrx_word' id='word_1_216' title='bbox 834 2420 1005 2450; x_wconf 75' lang='lat' dir='ltr'>asserens</span> <span class='ocrx_word' id='word_1_217' title='bbox 1034 2426 1191 2463; x_wconf 73' lang='lat' dir='ltr'>magnas</span> <span class='ocrx_word' id='word_1_218' title='bbox 1210 2432 1300 2467; x_wconf 87' lang='lat' dir='ltr'>opes</span> <span class='ocrx_word' id='word_1_219' title='bbox 1321 2430 1355 2460; x_wconf 85' lang='lat' dir='ltr'>el</span> <span class='ocrx_word' id='word_1_220' title='bbox 1389 2427 1552 2470; x_wconf 88' lang='lat' dir='ltr'>honores</span> <span class='ocrx_word' id='word_1_221' title='bbox 1579 2447 1601 2471; x_wconf 90' lang='lat' dir='ltr'>a</span> 
     </span>
     <span class='ocr_line' id='line_1_23' title="bbox 34 2427 1600 2518; baseline 0.038 -60"><span class='ocrx_word' id='word_1_222' title='bbox 34 2427 284 2470; x_wconf 83' lang='lat' dir='ltr'>promissione</span> <span class='ocrx_word' id='word_1_223' title='bbox 319 2445 472 2476; x_wconf 87' lang='lat' dir='ltr'>securus</span> <span class='ocrx_word' id='word_1_224' title='bbox 510 2444 627 2483; x_wconf 81' lang='lat' dir='ltr'>fixum</span> <span class='ocrx_word' id='word_1_225' title='bbox 666 2457 793 2489; x_wconf 84' lang='lat' dir='ltr'>mente</span> <span class='ocrx_word' id='word_1_226' title='bbox 833 2455 929 2503; x_wconf 77' lang='lat' dir='ltr'>Rege</span> <span class='ocrx_word' id='word_1_227' title='bbox 949 2465 1132 2509; x_wconf 85' lang='lat' dir='ltr'>promitti,</span> <span class='ocrx_word' id='word_1_228' title='bbox 1156 2468 1186 2503; x_wconf 85' lang='lat' dir='ltr'>si</span> <span class='ocrx_word' id='word_1_229' title='bbox 1208 2470 1261 2505; x_wconf 74' lang='lat' dir='ltr'>eis</span> <span class='ocrx_word' id='word_1_230' title='bbox 1289 2471 1415 2510; x_wconf 84' lang='lat' dir='ltr'>Morus</span> <span class='ocrx_word' id='word_1_231' title='bbox 1435 2478 1600 2518; x_wconf 84' lang='lat' dir='ltr'>subscri-</span> 
     </span>
     <span class='ocr_line' id='line_1_24' title="bbox 35 2473 1594 2573; baseline 0.039 -68"><span class='ocrx_word' id='word_1_232' title='bbox 35 2473 169 2511; x_wconf 69' lang='lat' dir='ltr'>tenebo</span> <span class='ocrx_word' id='word_1_233' title='bbox 186 2485 194 2511; x_wconf 75' lang='grc' dir='ltr'>ε</span> <span class='ocrx_word' id='word_1_234' title='bbox 210 2477 253 2530; x_wconf 31' lang='lat' dir='ltr'>‘Si</span> <span class='ocrx_word' id='word_1_235' title='bbox 275 2482 356 2526; x_wconf 87' lang='lat' dir='ltr'>quis</span> <span class='ocrx_word' id='word_1_236' title='bbox 375 2494 452 2522; x_wconf 89' lang='lat' dir='ltr'>non</span> <span class='ocrx_word' id='word_1_237' title='bbox 483 2489 668 2532; x_wconf 85' lang='lat' dir='ltr'>dimiserit</span> <span class='ocrx_word' id='word_1_238' title='bbox 703 2508 793 2536; x_wconf 80' lang='lat' dir='ltr'>uxo·</span> <span class='ocrx_word' id='word_1_239' title='bbox 831 2502 947 2542; x_wconf 76' lang='lat' dir='ltr'>bet-et.</span> <span class='ocrx_word' id='word_1_240' title='bbox 971 2509 1014 2545; x_wconf 82' lang='lat' dir='ltr'>At</span> <span class='ocrx_word' id='word_1_241' title='bbox 1036 2511 1116 2557; x_wconf 86' lang='lat' dir='ltr'>ipse</span> <span class='ocrx_word' id='word_1_242' title='bbox 1139 2524 1146 2549; x_wconf 88' lang='lat'><strong>:</strong></span> <span class='ocrx_word' id='word_1_243' title='bbox 1169 2530 1181 2546; x_wconf 75' lang='lat' dir='ltr'>u</span> <span class='ocrx_word' id='word_1_244' title='bbox 1208 2519 1410 2565; x_wconf 80' lang='lat' dir='ltr'>Quamdiu,</span> <span class='ocrx_word' id='word_1_245' title='bbox 1431 2524 1594 2573; x_wconf 57' lang='lat' dir='ltr'>Moysen,</span> 
     </span>
     <span class='ocr_line' id='line_1_25' title="bbox 32 2521 1597 2619; baseline 0.039 -67"><span class='ocrx_word' id='word_1_246' title='bbox 32 2527 127 2564; x_wconf 84' lang='lat' dir='ltr'>rem,</span> <span class='ocrx_word' id='word_1_247' title='bbox 164 2521 278 2568; x_wconf 81' lang='grc'><strong>111105,</strong></span> <span class='ocrx_word' id='word_1_248' title='bbox 315 2539 423 2575; x_wconf 82' lang='lat' dir='ltr'>agros</span> <span class='ocrx_word' id='word_1_249' title='bbox 460 2543 611 2584; x_wconf 84' lang='lat' dir='ltr'>propter</span> <span class='ocrx_word' id='word_1_250' title='bbox 648 2553 789 2584; x_wconf 89' lang='lat' dir='ltr'>nomen</span> <span class='ocrx_word' id='word_1_251' title='bbox 831 2551 933 2589; x_wconf 86' lang='lat' dir='ltr'>hisce</span> <span class='ocrx_word' id='word_1_252' title='bbox 958 2557 1095 2602; x_wconf 81' lang='lat' dir='ltr'>opibus</span> <span class='ocrx_word' id='word_1_253' title='bbox 1116 2562 1351 2602; x_wconf 74' lang='lat' dir='ltr'>l&#39;ruemur?u</span> <span class='ocrx_word' id='word_1_254' title='bbox 1390 2570 1597 2619; x_wconf 70' lang='lat' dir='ltr'>Respondit.</span> 
     </span>
     <span class='ocr_line' id='line_1_26' title="bbox 31 2575 1595 2666; baseline 0.039 -66"><span class='ocrx_word' id='word_1_255' title='bbox 31 2575 174 2613; x_wconf 88' lang='lat' dir='ltr'>meum,</span> <span class='ocrx_word' id='word_1_256' title='bbox 195 2580 272 2608; x_wconf 91' lang='lat' dir='ltr'>non</span> <span class='ocrx_word' id='word_1_257' title='bbox 291 2580 411 2620; x_wconf 88' lang='lat' dir='ltr'>potest</span> <span class='ocrx_word' id='word_1_258' title='bbox 430 2590 537 2619; x_wconf 89' lang='lat' dir='ltr'>meus</span> <span class='ocrx_word' id='word_1_259' title='bbox 557 2596 638 2625; x_wconf 89' lang='lat' dir='ltr'>esse</span> <span class='ocrx_word' id='word_1_260' title='bbox 670 2592 787 2631; x_wconf 75' lang='lat' dir='ltr'>disci·</span> <span class='ocrx_word' id='word_1_261' title='bbox 828 2598 923 2637; x_wconf 85' lang='lat' dir='ltr'>illa:</span> <span class='ocrx_word' id='word_1_262' title='bbox 950 2616 964 2635; x_wconf 70' lang='grc' dir='ltr'><strong><em>α</em></strong></span> <span class='ocrx_word' id='word_1_263' title='bbox 999 2605 1121 2642; x_wconf 79' lang='lat' dir='ltr'>Facile</span> <span class='ocrx_word' id='word_1_264' title='bbox 1163 2610 1332 2650; x_wconf 80' lang='lat' dir='ltr'>fruemur</span> <span class='ocrx_word' id='word_1_265' title='bbox 1373 2618 1420 2654; x_wconf 88' lang='lat' dir='ltr'>ad</span> <span class='ocrx_word' id='word_1_266' title='bbox 1459 2621 1595 2666; x_wconf 72' lang='lat' dir='ltr'>viginti</span> 
     </span>
     <span class='ocr_line' id='line_1_27' title="bbox 27 2613 1591 2707; baseline 0.04 -61"><span class='ocrx_word' id='word_1_267' title='bbox 27 2613 154 2658; x_wconf 86' lang='lat' dir='ltr'>pulus.</span> <span class='ocrx_word' id='word_1_268' title='bbox 180 2630 194 2648; x_wconf 73' lang='grc' dir='ltr'><strong>υ</strong></span> <span class='ocrx_word' id='word_1_269' title='bbox 218 2618 278 2656; x_wconf 89' lang='lat' dir='ltr'>Sic</span> <span class='ocrx_word' id='word_1_270' title='bbox 309 2631 404 2675; x_wconf 74' lang='lat' dir='ltr'>uxor</span> <span class='ocrx_word' id='word_1_271' title='bbox 440 2627 611 2678; x_wconf 81' lang='lat' dir='ltr'>discedit,</span> <span class='ocrx_word' id='word_1_272' title='bbox 632 2642 668 2673; x_wconf 86' lang='lat' dir='ltr'>et</span> <span class='ocrx_word' id='word_1_273' title='bbox 706 2641 787 2687; x_wconf 90' lang='lat' dir='ltr'>ipse</span> <span class='ocrx_word' id='word_1_274' title='bbox 824 2656 997 2693; x_wconf 90' lang='lat' dir='ltr'>annos,o</span> <span class='ocrx_word' id='word_1_275' title='bbox 1021 2652 1157 2691; x_wconf 88' lang='lat' dir='ltr'>dilecte</span> <span class='ocrx_word' id='word_1_276' title='bbox 1191 2660 1243 2695; x_wconf 92' lang='lat' dir='ltr'>mi</span> <span class='ocrx_word' id='word_1_277' title='bbox 1272 2664 1417 2701; x_wconf 89' lang='lat' dir='ltr'>marite.</span> <span class='ocrx_word' id='word_1_278' title='bbox 1455 2683 1469 2698; x_wconf 72' lang='lat' dir='ltr'><strong><em>n</em></strong></span> <span class='ocrx_word' id='word_1_279' title='bbox 1506 2670 1591 2707; x_wconf 64' lang='lat' dir='ltr'>Mox</span> 
     </span>
     <span class='ocr_line' id='line_1_28' title="bbox 27 2661 1588 2760; baseline 0.04 -67"><span class='ocrx_word' id='word_1_280' title='bbox 27 2661 208 2706; x_wconf 84' lang='lat' dir='ltr'>spoliatus</span> <span class='ocrx_word' id='word_1_281' title='bbox 224 2668 415 2723; x_wconf 42' lang='lat' dir='ltr'>omni-bu&amp;</span> <span class='ocrx_word' id='word_1_282' title='bbox 434 2678 469 2710; x_wconf 85' lang='lat' dir='ltr'>et</span> <span class='ocrx_word' id='word_1_283' title='bbox 502 2681 698 2726; x_wconf 81' lang='lat' dir='ltr'>suppliciis</span> <span class='ocrx_word' id='word_1_284' title='bbox 725 2689 786 2725; x_wconf 89' lang='lat' dir='ltr'>de·</span> <span class='ocrx_word' id='word_1_285' title='bbox 826 2693 905 2739; x_wconf 91' lang='lat' dir='ltr'>ipse</span> <span class='ocrx_word' id='word_1_286' title='bbox 919 2696 1122 2744; x_wconf 80' lang='lat' dir='ltr'>indignans</span> <span class='ocrx_word' id='word_1_287' title='bbox 1135 2704 1190 2741; x_wconf 82' lang='lat' dir='ltr'>sic</span> <span class='ocrx_word' id='word_1_288' title='bbox 1204 2709 1395 2748; x_wconf 78' lang='lat' dir='ltr'>concludit</span> <span class='ocrx_word' id='word_1_289' title='bbox 1414 2724 1422 2749; x_wconf 91' lang='lat'><strong>:</strong></span> <span class='ocrx_word' id='word_1_290' title='bbox 1444 2727 1458 2745; x_wconf 69' lang='grc' dir='ltr'><strong>α</strong></span> <span class='ocrx_word' id='word_1_291' title='bbox 1475 2716 1588 2760; x_wconf 82' lang='lat' dir='ltr'>Vade,</span> 
     </span>
     <span class='ocr_line' id='line_1_29' title="bbox 23 2705 1590 2809; baseline 0.036 -64"><span class='ocrx_word' id='word_1_292' title='bbox 23 2705 194 2747; x_wconf 80' lang='lat' dir='ltr'>bilitatus</span> <span class='ocrx_word' id='word_1_293' title='bbox 213 2716 409 2768; x_wconf 70' lang='lat' dir='ltr'>mendicus</span> <span class='ocrx_word' id='word_1_294' title='bbox 441 2723 677 2772; x_wconf 77' lang='lat' dir='ltr'>relinquitur.</span> <span class='ocrx_word' id='word_1_295' title='bbox 700 2733 784 2773; x_wconf 88' lang='lat' dir='ltr'>Non</span> <span class='ocrx_word' id='word_1_296' title='bbox 823 2743 967 2780; x_wconf 82' lang='lat' dir='ltr'>ostulta</span> <span class='ocrx_word' id='word_1_297' title='bbox 988 2752 1201 2788; x_wconf 76' lang='lat' dir='ltr'>mercatrix.</span> <span class='ocrx_word' id='word_1_298' title='bbox 1217 2755 1343 2801; x_wconf 77' lang='lat' dir='ltr'>Egone</span> <span class='ocrx_word' id='word_1_299' title='bbox 1368 2771 1436 2805; x_wconf 80' lang='lat' dir='ltr'>pro</span> <span class='ocrx_word' id='word_1_300' title='bbox 1457 2763 1590 2809; x_wconf 72' lang='lat' dir='ltr'>viginti</span> 
     </span>
     <span class='ocr_line' id='line_1_30' title="bbox 21 2757 1587 2848; baseline 0.04 -61"><span class='ocrx_word' id='word_1_301' title='bbox 21 2757 143 2808; x_wconf 76' lang='lat' dir='ltr'>potuit</span> <span class='ocrx_word' id='word_1_302' title='bbox 161 2768 287 2797; x_wconf 77' lang='lat' dir='ltr'>uxoris</span> <span class='ocrx_word' id='word_1_303' title='bbox 297 2764 363 2816; x_wconf 31' lang='lat' dir='ltr'>‘vel</span> <span class='ocrx_word' id='word_1_304' title='bbox 385 2767 537 2807; x_wconf 83' lang='lat' dir='ltr'>alterius</span> <span class='ocrx_word' id='word_1_305' title='bbox 557 2776 610 2811; x_wconf 88' lang='lat' dir='ltr'>rei</span> <span class='ocrx_word' id='word_1_306' title='bbox 629 2778 784 2820; x_wconf 82' lang='lat' dir='ltr'>affectus</span> <span class='ocrx_word' id='word_1_307' title='bbox 821 2790 933 2826; x_wconf 83' lang='lat' dir='ltr'>annis</span> <span class='ocrx_word' id='word_1_308' title='bbox 954 2795 1113 2833; x_wconf 79' lang='lat' dir='ltr'>modicae</span> <span class='ocrx_word' id='word_1_309' title='bbox 1134 2799 1339 2848; x_wconf 77' lang='lat' dir='ltr'>felicitatis,</span> <span class='ocrx_word' id='word_1_310' title='bbox 1361 2812 1395 2842; x_wconf 90' lang='lat' dir='ltr'>et</span> <span class='ocrx_word' id='word_1_311' title='bbox 1425 2810 1587 2848; x_wconf 85' lang='lat' dir='ltr'>vendam</span> 
     </span>
     <span class='ocr_line' id='line_1_31' title="bbox 21 2810 1585 2895; baseline 0.038 -59"><span class='ocrx_word' id='word_1_312' title='bbox 21 2810 103 2848; x_wconf 70' lang='lat' dir='ltr'>ejus</span> <span class='ocrx_word' id='word_1_313' title='bbox 117 2811 369 2848; x_wconf 71' lang='lat' dir='ltr'>constantiam</span> <span class='ocrx_word' id='word_1_314' title='bbox 391 2813 627 2858; x_wconf 80' lang='lat' dir='ltr'>labefactare.</span> <span class='ocrx_word' id='word_1_315' title='bbox 819 2844 940 2874; x_wconf 84' lang='lat' dir='ltr'>annos</span> <span class='ocrx_word' id='word_1_316' title='bbox 960 2845 1112 2881; x_wconf 81' lang='lat' dir='ltr'>aeternae</span> <span class='ocrx_word' id='word_1_317' title='bbox 1132 2846 1404 2890; x_wconf 82' lang='lat' dir='ltr'>beatitudinis?</span> <span class='ocrx_word' id='word_1_318' title='bbox 1424 2854 1508 2892; x_wconf 89' lang='lat' dir='ltr'>Non</span> <span class='ocrx_word' id='word_1_319' title='bbox 1533 2857 1585 2895; x_wconf 82' lang='lat' dir='ltr'>ita</span> 
     </span>
    </p>

    <p class='ocr_par' dir='ltr' id='par_1_7' title="bbox 16 2850 1582 2989">
     <span class='ocr_line' id='line_1_32' title="bbox 68 2850 1582 2950; baseline 0.039 -66"><span class='ocrx_word' id='word_1_320' title='bbox 68 2850 247 2891; x_wconf 84' lang='lat' dir='ltr'>Similiter</span> <span class='ocrx_word' id='word_1_321' title='bbox 266 2867 305 2893; x_wconf 91' lang='lat' dir='ltr'>se</span> <span class='ocrx_word' id='word_1_322' title='bbox 324 2861 438 2906; x_wconf 81' lang='lat' dir='ltr'>gessit</span> <span class='ocrx_word' id='word_1_323' title='bbox 465 2863 594 2904; x_wconf 87' lang='lat' dir='ltr'>beatus</span> <span class='ocrx_word' id='word_1_324' title='bbox 619 2870 782 2913; x_wconf 85' lang='lat' dir='ltr'>Thomas</span> <span class='ocrx_word' id='word_1_325' title='bbox 819 2881 976 2931; x_wconf 87' lang='lat' dir='ltr'>desipio.</span> <span class='ocrx_word' id='word_1_326' title='bbox 1017 2889 1115 2929; x_wconf 88' lang='lat' dir='ltr'>Malo</span> <span class='ocrx_word' id='word_1_327' title='bbox 1152 2904 1342 2934; x_wconf 80' lang='lat' dir='ltr'>carcerem</span> <span class='ocrx_word' id='word_1_328' title='bbox 1378 2905 1452 2937; x_wconf 83' lang='lat' dir='ltr'>tota</span> <span class='ocrx_word' id='word_1_329' title='bbox 1494 2904 1582 2950; x_wconf 85' lang='lat' dir='ltr'>vita,</span> 
     </span>
     <span class='ocr_line' id='line_1_33' title="bbox 16 2893 1582 2989; baseline 0.038 -58"><span class='ocrx_word' id='word_1_330' title='bbox 16 2893 158 2946; x_wconf 73' lang='lat' dir='ltr'>MoruS,</span> <span class='ocrx_word' id='word_1_331' title='bbox 197 2902 343 2951; x_wconf 84' lang='lat' dir='ltr'>Angliae</span> <span class='ocrx_word' id='word_1_332' title='bbox 374 2908 468 2948; x_wconf 91' lang='lat' dir='ltr'>olim</span> <span class='ocrx_word' id='word_1_333' title='bbox 511 2914 777 2960; x_wconf 84' lang='lat' dir='ltr'>Cancellarius.</span> <span class='ocrx_word' id='word_1_334' title='bbox 816 2925 1079 2983; x_wconf 85' lang='lat' dir='ltr'>bonorumque</span> <span class='ocrx_word' id='word_1_335' title='bbox 1114 2944 1289 2981; x_wconf 85' lang='lat' dir='ltr'>omnium</span> <span class='ocrx_word' id='word_1_336' title='bbox 1338 2948 1582 2989; x_wconf 83' lang='lat' dir='ltr'>confiscatio-</span> 
     </span>
    </p>
   </div>
   <div class='ocr_carea' id='block_1_7' title="bbox 198 2994 1419 3072">
    <p class='ocr_par' dir='ltr' id='par_1_8' title="bbox 198 2994 1419 3072">
     <span class='ocr_line' id='line_1_34' title="bbox 198 2994 1419 3072; baseline 0.04 -48"><span class='ocrx_word' id='word_1_337' title='bbox 198 2994 248 3026; x_wconf 85' lang='lat'>111</span> <span class='ocrx_word' id='word_1_338' title='bbox 1364 3032 1419 3072; x_wconf 82' lang='lat'>28</span> 
     </span>
    </p>
   </div>
  </div>
 </body>
</html>
