1898 3172
523 83 530 101 Ι
592 80 594 83 ,

1592 170 1676 211 343

91 257 298 299 hommes.
325 271 345 299 (ι
365 256 456 299 Ohi
479 253 582 310 qu'il
601 258 663 296 est
679 254 827 308 rapide
846 254 885 296 le
903 255 1091 296 discours
1111 253 1163 295 de
1194 254 1236 295 18
1269 266 1450 307 sagesse,
1475 256 1535 298 dit
1555 258 1670 299 saint

92 325 221 373 Leon,
244 321 426 376 (Ser-mon
443 333 515 362 sur
535 319 578 361 la
596 319 822 374 Pentecote)
843 323 887 360 et
905 332 1067 361 comme
1087 332 1143 360 on
1174 320 1364 373 apprend
1394 320 1480 360 vite
1512 333 1558 362 88
1591 322 1667 376 qui

91 399 196 428 vous
215 390 277 428 est
295 385 512 438 enseigne,
539 385 684 438 quand
713 385 817 426 Dieu
849 388 912 426 est
942 384 981 426 18
1013 385 1178 426 Maitre.
1200 385 1280 426 Des
1313 384 1417 439 qu'il
1449 386 1612 435 atteint,
1636 387 1669 427 il

87 451 263 493 instruit
290 450 464 504 l'esprit.
484 449 705 491 Atteindre
739 454 781 491 et
812 450 1064 504 appmndre,
1086 450 1186 490 e'est
1214 452 1307 490 tout
1339 462 1412 498 un,
1434 449 1556 503 (hom.
1578 462 1661 493 xxv

86 529 157 558 sur
174 516 227 558 les
244 515 495 570 Evanqe‘les‚)
521 530 540 554 n
564 516 706 567 eJoute
739 512 852 556 saint
884 515 1102 569 Gregoire.
1125 516 1190 557 On
1223 515 1262 556 le
1295 516 1381 555 voit
1413 514 1663 558 cluirement

87 582 188 625 ehez
206 581 266 623 les
285 583 462 635 Apotres
482 580 570 634 qui,
586 581 659 621 des
674 593 756 633 que
775 580 835 621 les
855 581 1034 633 langues
1047 581 1098 622 de
1113 581 1182 621 feu
1204 585 1407 634 pararent
1422 580 1663 635 au-dehors,

85 651 239 704 putent
257 646 433 687 aussitot
450 646 590 699 parler
609 646 794 687 diverses
814 646 1010 698 langues,
1032 649 1073 687 et
1100 651 1339 686 connurent
1358 646 1430 685 des
1450 645 1533 686 lors
1564 658 1664 700 per-

85 710 308 758 faiiement
333 715 427 752 tous
446 711 505 752 les
524 713 727 765 mysteres
747 712 797 752 de
818 711 859 752 18
879 712 955 761 foi,
979 714 1116 752 tontes
1136 712 1196 752 les
1218 712 1453 764 grandem-s
1486 711 1536 752 de
1558 712 1662 754 Dieu

85 788 168 830 que
199 776 518 830 l'Esprit-Saint
549 777 642 817 leur
671 777 894 829 enseigne.

140 843 419 883 PenonAison.
445 866 496 871 —
516 844 655 883 Venez
683 843 804 891 donc,
829 842 967 895 Esprit
998 842 1129 893 divin,
1152 841 1342 892 eclairez‚
1364 842 1554 894 purifiez,
1572 842 1660 884 818-

82 918 156 948 vez
173 907 272 948 bien
291 907 397 948 haut
417 920 491 947 nos
511 920 660 957 ooeurs,
678 907 763 947 efin
785 919 866 960 que
884 919 931 948 88
947 908 1022 961 qui
1042 910 1105 947 esi
1125 906 1358 948 tenebreux
1374 908 1579 948 devienne
1599 908 1662 949 lu·

82 972 273 1020 mineux,
305 985 386 1026 que
407 985 452 1014 88
471 972 543 1026 qui
564 976 626 1013 est
646 973 756 1013 tiede
785 977 827 1012 et
846 972 1055 1025 engourdi
1077 973 1284 1013 devienne
1304 973 1470 1021 ardent,
1492 986 1576 1026 que
1614 986 1661 1015 88

80 1037 155 1090 qui
172 1043 235 1078 881
256 1038 398 1090 impur
419 1037 626 1078 devienne
646 1050 741 1090 pur,
758 1050 841 1091 que
860 1050 906 1078 88
927 1038 1000 1091 qui
1026 1042 1088 1078 est
1121 1042 1317 1079 terrestre
1349 1037 1556 1079 devienne
1588 1041 1658 1080 88-

78 1101 196 1143 18518.
217 1103 410 1143 Touchez
430 1103 481 1143 ‹ie
508 1105 626 1143 votre
660 1102 730 1142 feu
763 1115 838 1145 nos
860 1103 1038 1154 langues
1066 1103 1339 1143 enssammees
1358 1115 1434 1156 par
1452 1103 1491 1143 le
1512 1103 1583 1144 feu
1604 1103 1658 1145 (18

77 1167 119 1207 la
140 1167 345 1220 gehenne,
367 1168 627 1221 purifiez-les
647 1168 697 1208 de
720 1171 811 1208 tout
831 1168 972 1219 venin,
995 1181 1103 1221 pour
1122 1180 1204 1220 que
1239 1181 1348 1208 nous
1381 1181 1435 1209 88
1466 1169 1655 1222 periions

80 1231 175 1285 plus
194 1244 276 1286 que
296 1232 347 1273 de
366 1233 510 1274 choses
530 1233 697 1282 saintes,
716 1237 796 1273 818.

567 178 618 209 u
647 169 750 209 nm
778 177 832 208 88
861 177 912 208 u
941 176 1194 209 »turzco-re.

77 1367 200 1406 edocti
265 1378 352 1405 uam
388 1368 436 1405 ab
474 1369 734 1424 hominibusi
757 1382 772 1401 α
812 1370 841 1405 Ο

77 1424 190 1462 quam
210 1426 254 1453 ve
271 1427 318 1453 ox
357 1421 413 1452 851
431 1427 555 1454 sermo
575 1421 785 1464 sapientias,
806 1422 839 1453 81

74 1462 140 1500 ubi
180 1464 277 1501 Deus
315 1464 489 1510 Magister
525 1469 730 1511 est.qua1u
767 1465 841 1502 cito

880 1370 1006 1417 gualia
1046 1371 1127 1415 Dei,
1147 1371 1308 1409 docente
1346 1370 1486 1418 Spiritu
1526 1371 1648 1409 Sanc-

882 1422 1019 1502 [aveni
1036 1465 1164 1511 igitur,
1175 1467 1339 1513 Spiritus
1352 1466 1495 1510 divine,
1510 1465 1654 1503 illumi-

75 1509 235 1548 diseitur
254 1511 354 1558 quod
390 1512 559 1556 docetur,
579 1527 592 1545 n
615 1512 667 1548 811
688 1517 841 1549 5888185

72 1557 160 1604 Leo,
187 1569 363 1596 sermone
388 1559 434 1596 de
458 1560 687 1596 Pentecoste.
715 1573 730 1591 α
755 1560 840 1596 Mox

71 1609 114 1644 ut
131 1606 309 1652 tetigerit,
322 1612 488 1644 mentem
504 1608 627 1652 docet,
640 1608 840 1654 solumque

72 1652 254 1702 tetigisse,
275 1659 311 1691 81
329 1655 518 1699 docuisse,
543 1670 556 1687 »
582 1655 703 1702 iuquit
724 1666 839 1692 5888-

73 1705 134 1738 tus
154 1701 370 1749 Gregorius,
395 1703 526 1739 homii.
546 1703 593 1739 30
614 1703 654 1739 18
676 1703 841 1750 Evange-

73 1746 126 1786 lio
153 1748 257 1786 Patet
287 1749 325 1786 id
360 1751 400 1787 18
438 1751 639 1797 Αρο518115,
660 1751 724 1798 qui
762 1762 838 1787 non

74 1795 198 1835 mium
242 1796 334 1834 foris
378 1798 647 1845 apparentibus
697 1799 838 1845 linguis

74 1842 196 1890 igneis
215 1844 328 1881 variis
357 1851 512 1892 potuere
550 1845 691 1892 linguis
722 1846 838 1893 toqui,

75 1891 141 1928 sed
160 1892 274 1928 etiam
293 1899 550 1939 cognoverunt
568 1894 841 1941 perfectissime

73 1939 205 1977 818818
235 1941 412 1987 mysteria
442 1940 544 1988 tidei,
584 1941 713 1978 818818
758 1941 839 1979 Μ8-

882 1524 942 1558 88,
973 1514 1154 1558 accende,
1193 1525 1374 1561 expurga,
1412 1514 1453 1550 in
1484 1513 1653 1552 sublime

879 1560 979 1607 erige
1008 1562 1122 1598 corda
1154 1565 1295 1603 nostra.
1330 1566 1369 1598 81
1399 1562 1491 1598 fiant
1523 1561 1652 1599 lucide

879 1618 963 1655 quae
982 1613 1070 1646 sunt
1108 1608 1322 1653 tenebrosa,
1344 1609 1438 1646 fiant
1474 1608 1648 1647 ardentia

878 1666 962 1702 quae
999 1660 1087 1693 5881
1125 1657 1250 1703 tepida
1286 1662 1321 1694 81
1360 1657 1520 1704 torpida,
1553 1656 1647 1694 11881

879 1714 972 1750 pura
1016 1715 1100 1752 quae
1150 1710 1237 1741 sunt
1292 1705 1505 1748 immunda.
1552 1703 1648 1743 fiant

878 1752 1046 1789 coeiestia
1064 1762 1149 1799 quae
1167 1757 1257 1789 sunt
1276 1758 1438 1789 terrena.
1461 1753 1589 1799 Tange
1608 1755 1645 1789 81

880 1799 1028 1846 linguas
1061 1805 1208 1837 nostras
1238 1801 1328 1847 igne
1360 1805 1438 1845 tuo,
1487 1811 1544 1837 uae
1577 1800 1642 1836 in-

879 1850 1080 1884 nammatae
1118 1853 1205 1885 5881
1233 1848 1280 1885 81)
1313 1849 1400 1894 igne
1431 1860 1475 1895 ge
1506 1857 1649 1893 88881,

878 1905 1045 1942 expurga
1063 1907 1178 1933 omne
1198 1897 1314 1944 vii-115,
1337 1901 1378 1934 81
1401 1907 1481 1934 888
1509 1896 1648 1943 loqua-

879 1953 964 1980 mur
978 1943 1053 1981 nisi
1075 1948 1221 1989 sancta,
1242 1949 1315 1982 818.
