1826 3164
1572 146 1651 209 ssi

386 164 621 236 ons-rarius
646 181 862 214 umacus
889 168 1019 212 flans
1045 156 1096 211 'u
1111 171 1374 210 'manco-re.

18 243 23 284 3
83 264 319 306 seulement
336 263 463 306 d'une
480 261 669 304 maniere
688 260 992 310 infructueuse‚
1013 258 1120 301 mais
1137 267 1292 300 encore
1310 255 1415 297 dans
1445 255 1519 297 des
1551 267 1652 297 con-

18 358 25 390 2
85 328 242 371 ditione
258 327 620 371 tres-miserables.

137 394 247 435 c’est
263 392 471 448 pourquoi
489 392 670 432 l'auteur
686 388 739 431 de
757 388 994 430 l’Imr‘tation
1013 388 1061 428 de
1088 386 1378 437 lesus-Clam'st,
1401 385 1571 439 parlant
1601 385 1654 426 de

84 470 130 500 cc
153 459 277 512 edict,
299 458 379 499 cite
407 457 447 498 le
478 459 592 497 texte
611 457 785 497 d’lsa‘le:
812 469 832 493 «
854 453 1082 505 Rougissez
1117 453 1263 504 Sidon,
1285 451 1348 492 dit
1377 451 1420 491 la
1450 462 1557 500 mer,
1580 449 1652 503 (Is.

13 546 17 571 ;
82 535 200 572 xxm,
220 523 282 578 4.)
301 538 320 563 ι)
345 526 386 563 et
405 523 435 562 il
454 523 595 575 ajoute
618 533 628 561 :
653 536 672 558 α
697 521 742 562 Si
762 532 865 560 vous
884 531 937 560 en
959 518 1190 559 demandez
1219 518 1260 558 la
1291 528 1430 567 cause,
1450 515 1494 556 la
1511 514 1621 556 voici
1642 528 1652 555 :

86 590 150 631 On
183 588 435 642 entreprend
467 588 519 628 de
550 587 672 640 longs
701 597 888 639 voyages
915 596 1023 637 pour
1054 595 1138 623 une
1170 582 1299 635 petite
1325 580 1553 635 prebende,
1569 582 1612 620 et
1630 581 1656 620 ὲ

11 645 14 650 ¹
82 653 208 709 peine
238 657 406 694 veut-on
439 652 543 693 faire
576 664 634 692 un
669 663 743 705 pas
773 662 881 703 pour
914 649 1081 690 obtenir
1114 649 1154 688 la
1183 648 1251 687 vie
1282 645 1560 687 eternellei...
1596 646 1656 686 Le

83 718 237 760 monde
255 721 422 771 promet
440 718 512 758 des
543 717 677 769 biens,
696 715 925 768 temporeis
952 717 996 755 et
1027 714 1079 754 de
1113 725 1192 766 pen
1226 713 1277 752 de
1297 711 1455 761 valeur,
1477 713 1521 752 et
1539 722 1595 751 on
1615 709 1656 750 le

20 812 30 822 ,
83 785 168 825 sert
185 795 286 824 avec
304 783 457 824 ardeur
477 796 486 822 :
510 783 615 823 Dieu
647 785 812 835 promet
831 780 902 820 des
928 779 1047 820 biens
1067 778 1292 819 immensas
1323 782 1365 817 et
1396 775 1591 824 aetneis,
1613 777 1657 816 et

81 848 142 889 les
161 848 352 889 hommes
371 859 399 901 y
418 852 512 888 sont
543 847 805 888 insensibles.
838 845 1010 898 (Imitat.
1044 843 1090 884 de
1117 843 1160 883 J.
1197 842 1246 883 C.
1281 842 1352 882 liv.
1373 842 1444 890 111,
1467 852 1527 889 111,
1550 839 1607 893 3.)
1634 856 1654 877 x>

82 914 243 966 Rougis
262 913 600 965 donc,serviteur
620 924 847 966 paresseux
868 918 910 951 et
930 922 1109 958 morose,
1123 909 1174 949 de
1193 920 1238 948 ce
1258 919 1340 960 que
1362 908 1419 947 les
1433 905 1657 946 mondains

83 989 126 1019 se
144 981 358 1019 montrent
378 979 720 1031 plus,empresses
738 979 764 1016 a
783 976 823 1016 la
843 976 987 1015 venite
1007 977 1050 1015 et
1070 976 1095 1014 a
1114 973 1154 1013 la
1173 972 1397 1026 perdition,
1419 983 1502 1024 que
1533 982 1653 1018 vous,

83 1043 157 1097 qui
173 1056 276 1084 vous
296 1044 400 1084 dites
422 1044 630 1084 serviteur
650 1043 702 1083 de
722 1042 842 1091 Diem,
866 1043 891 1081 e
910 1041 951 1080 la
983 1040 1115 1080 verite
1147 1042 1190 1079 et
1221 1051 1275 1079 au
1296 1037 1420 1086 salut,
1445 1036 1555 1077 alors
1574 1047 1657 1089 que

82 1109 246 1150 ceux-le
280 1112 375 1149 sont
412 1110 688 1149 tres-souvent
726 1107 903 1147 frustres
941 1106 1046 1145 dans
1096 1104 1187 1144 leur
1237 1104 1479 1155 esperance‚
1512 1100 1652 1141 tandis

83 1185 166 1227 que
184 1173 224 1214 la
242 1186 451 1226 promesse
466 1174 517 1214 de
537 1173 642 1214 Dieu
663 1184 717 1213 ne
738 1175 902 1224 trompe
922 1181 1143 1224 personne,
1167 1181 1221 1208 ne
1242 1167 1413 1208 renvoie
1444 1176 1657 1220 personne

85 1239 204 1291 dec-u.

137 1304 244 1345 C’est
262 1304 471 1357 pourquoi
489 1316 640 1345 encore
660 1303 772 1343 saint
793 1302 1009 1354 Gregoire‚
1033 1303 1058 1340 ἐι
1076 1312 1231 1353 propos
1250 1299 1306 1339 du
1326 1300 1441 1338 texte
1461 1296 1557 1349 deja
1576 1295 1657 1336 cite

83 1369 244 1420 d'Isa'ie,
277 1370 501 1422 s'exprime
533 1382 587 1410 en
619 1381 685 1410 ces
716 1373 870 1409 termes
892 1381 902 1407 ε
925 1369 1016 1407 «La
1035 1367 1133 1406 voix
1153 1366 1203 1406 de
1225 1365 1267 1405 la
1286 1376 1376 1405 mer
1411 1363 1489 1403 fait
1507 1361 1656 1414 rougir

82 1434 229 1475 Sidon.
251 1434 360 1475 C'est
390 1435 556 1488 lorsque
589 1434 630 1474 la
661 1434 728 1473 vie
760 1433 812 1473 de
844 1432 952 1473 celui
986 1432 1059 1484 qui
1088 1436 1149 1471 est
1181 1430 1375 1471 consacre
1405 1430 1430 1468 ὲ
1457 1427 1579 1476 nien,
1613 1429 1656 1468 et

82 1498 210 1553 qu’on
240 1500 326 1539 voit
355 1499 486 1539 stable
517 1502 558 1539 et
584 1498 738 1538 fortifie
770 1497 822 1537 de
848 1499 966 1537 toute
997 1499 1108 1548 part,
1132 1499 1194 1535 est
1225 1494 1486 1535 condemnee
1518 1504 1596 1545 par
1615 1491 1657 1532 le

20 1592 23 1606 „
81 1565 372 1618 comparaison
391 1577 491 1605 avec
511 1564 551 1604 la
572 1564 637 1604 vie
657 1564 730 1604 des
749 1563 945 1603 seculiers
965 1561 1038 1614 qui
1070 1561 1238 1600 ssottent
1257 1572 1329 1599 sur
1358 1557 1520 1598 l’ocean
1539 1557 1591 1598 de
1610 1567 1657 1597 ce

17 1664 32 1671 ..
81 1629 251 1671 monde.
276 1629 492 1683 (Pastoral.
514 1631 555 1669 3⁰
575 1634 703 1682 quest.
725 1626 857 1680 xxw.)
879 1643 899 1663 »

135 1694 255 1744 Mais,
276 1695 385 1736 saint.
402 1694 634 1742 Amin-oisc,
658 1694 850 1734 donnant
868 1705 926 1732 un
946 1695 1065 1732 autre
1085 1703 1179 1731 sens
1203 1690 1338 1730 moral
1367 1690 1393 1729 a
1419 1690 1526 1729 cette
1555 1699 1656 1740 pro-

80 1760 282 1815 phetique
301 1760 531 1813 parole,dit
550 1772 631 1812 que
652 1759 693 1799 la
713 1771 803 1799 mer
822 1770 967 1798 accuse
987 1769 1040 1796 en
1062 1757 1243 1809 quelque
1263 1754 1451 1795 maniere
1463 1752 1658 1807 l'inquie-

82 1826 200 1874 tude,
221 1826 262 1866 la
282 1825 461 1877 fatigue,
484 1824 788 1878 l'importunite
809 1824 880 1863 des
900 1821 1168 1871 marchi-luds,
1188 1821 1313 1861 livres
1332 1832 1387 1860 au
1405 1820 1494 1858 vice
1514 1817 1656 1858 d’ava-

83 1890 183 1931 rice.
204 1892 384 1931 Ecoutez
405 1902 467 1930 ses
486 1890 651 1942 pai-oles
668 1902 705 1929 :u
724 1888 841 1930 Voici
861 1889 902 1928 la
921 1888 1021 1928 voix
1040 1888 1092 1927 de
1112 1886 1152 1926 la
1171 1898 1278 1936 mer,
1293 1885 1346 1925 dc
1365 1884 1580 1924 l'element
1598 1882 1659 1923 fe-

87 2080 231 2118 mundo
261 2084 298 2115 et
326 2078 476 2116 diabolo
515 2078 627 2125 longe
663 2079 846 2124 majorem

85 2138 164 2165 non
195 2127 319 2164 solum
354 2127 601 2169 infructuose,
633 2126 698 2162 sed
734 2125 847 2162 etiarn

82 2174 345 2213 infelicissime
377 2174 518 2210 subeat.
556 2174 660 2210 Unde
685 2173 848 2209 Thomas

84 2235 107 2261 a
121 2222 286 2269 Kempis,
300 2222 324 2258 l.
342 2222 460 2265 111,dc
475 2221 684 2258 imitatione
695 2221 847 2263 Christi,

85 2281 170 2318 cap.
192 2281 245 2314 ιιι,
268 2270 337 2306 hac
357 2269 403 2305 de
425 2280 463 2305 re
495 2270 666 2316 loquens,
695 2268 848 2304 adducit

83 2318 180 2356 illud
212 2317 319 2354 Isaiae
350 2327 438 2352 xxm
474 2327 483 2353 z
521 2331 534 2348 ιι
572 2316 760 2352 Erubesce
789 2316 849 2351 Si-

85 2365 178 2411 don,
192 2365 242 2401 ait
262 2375 379 2400 mare.
396 2380 409 2397 »
434 2363 544 2400 Addit
563 2364 643 2410 ipse
660 2374 691 2399 :w
707 2363 767 2400 Sic
787 2374 850 2399 au-

86 2423 168 2450 sam
198 2412 349 2459 quaeris,
381 2412 470 2448 audi
500 2422 628 2458 quare.
663 2411 731 2447 Pro
764 2421 849 2447 mo-

85 2459 172 2497 dica
201 2459 404 2506 praebenda
434 2459 545 2505 longa
576 2460 635 2495 via
671 2459 848 2501 curritur,

86 2516 155 2554 pro
173 2511 314 2543 aeterna
346 2506 419 2542 vita
438 2517 460 2542 a
480 2506 608 2542 multis
638 2506 700 2542 vix
733 2505 849 2542 semel

87 2563 155 2601 pes
175 2553 329 2590 levatur.
354 2553 538 2589 Promiuit
566 2554 732 2590 mundus
752 2558 849 2590 tem-

87 2600 234 2648 poralia
246 2605 282 2637 et
301 2610 426 2646 parva,
448 2604 485 2636 et
505 2601 662 2637 servitur
681 2602 716 2638 ei
735 2601 850 2638 avidi-

88 2652 164 2685 tate
183 2657 332 2694 magna.
356 2647 541 2684 Promittit
575 2648 671 2684 Deus
702 2659 851 2685 summa

89 2699 127 2733 et
158 2698 311 2738 aeterna,
333 2698 369 2730 et
389 2698 604 2740 torpescunt
634 2697 851 2732 mortalium

90 2743 218 2781 corda.
251 2757 264 2774 υ
302 2740 490 2778 Erubesce
520 2751 622 2788 ergo,
656 2753 760 2779 serve
790 2743 851 2790 pi-

90 2800 156 2838 ger
187 2794 224 2826 et
250 2788 462 2836 querulo-se,
490 2789 589 2834 quod
619 2790 750 2826 saeculi
781 2791 851 2827 ho-

90 2837 216 2875 mines
234 2836 478 2875 inveniantur
498 2836 702 2882 paratiores
720 2837 767 2873 ad
786 2848 851 2874 va-

91 2884 250 2922 nitatem
287 2888 323 2920 et
359 2883 624 2929 perditionem,
688 2893 776 2920 uam
813 2889 853 2922 tu

92 2931 158 2979 qui
177 2931 325 2968 tedicis
344 2940 520 2967 servuum
553 2930 618 2967 Dei
647 2941 670 2966 a
726 2931 855 2968 verita-

92 2982 171 3017 tem
200 2982 237 3016 et
273 2978 456 3024 salutem;
489 2988 578 3016 cum
608 2977 668 3016 illi
691 2989 758 3026 spe
787 2989 856 3017 sua

885 2078 1111 2113 frustrentur
1142 2073 1462 2121 frequentissime,
1497 2072 1564 2108 Dei
1583 2082 1656 2108 au-

887 2130 962 2160 tem
994 2123 1193 2170 promissio
1226 2122 1422 2158 neminem
1443 2119 1559 2164 saltat,
1583 2129 1656 2156 ne-

888 2172 1031 2208 miuem
1051 2170 1214 2206 dimittat
1235 2170 1402 2206 inanem.
1422 2167 1527 2204 Unde
1547 2177 1654 2204 sanc-

887 2224 946 2256 tus
967 2218 1180 2264 Gregorius,
1205 2228 1241 2253 ιιι
1262 2228 1300 2263 q.
1324 2215 1538 2259 Pastoralis,
1567 2225 1652 2269 cap.

887 2278 987 2311 xxiv,
1008 2266 1054 2302 dc
1086 2266 1246 2312 allegato
1278 2275 1324 2301 ex
1360 2263 1457 2299 lsaia
1483 2262 1567 2299 loco
1599 2272 1656 2300 sic

887 2315 979 2351 dicit
1001 2324 1009 2350 :
1036 2328 1050 2346 α
1074 2313 1187 2358 Quasi
1209 2323 1273 2359 pcr
1302 2321 1433 2347 vocem
1466 2310 1580 2346 maris
1606 2310 1656 2347 ad

890 2362 1156 2399 verecundiam
1177 2361 1291 2396 Sidon
1311 2358 1525 2401 adducitur,
1539 2367 1657 2404 quan-

888 2410 936 2446 do
956 2420 1022 2456 per
1042 2409 1368 2455 comparationem
1388 2406 1472 2442 vitae
1493 2405 1656 2442 saecula-

890 2459 987 2494 rium
1027 2456 1068 2494 in
1104 2457 1175 2493 hoc
1206 2455 1351 2491 mundo
1389 2453 1657 2490 fluctuantium

889 2507 970 2551 ejus
989 2505 1052 2551 qui
1074 2504 1150 2540 Deo
1181 2503 1374 2539 dedicatus
1401 2506 1470 2547 est,
1492 2505 1528 2537 et
1547 2501 1656 2548 quasi

889 2552 1048 2596 stabilis,
1081 2562 1125 2588 ac
1164 2550 1334 2587 munitus
1369 2549 1551 2594 cernitur,
1581 2549 1656 2585 vita

890 2600 1122 2647 reprobatur.
1147 2613 1161 2630 n

936 2648 980 2684 At
1000 2652 1153 2684 sanctus
1173 2644 1392 2681 Ambrosius
1418 2643 1538 2680 alium
1569 2652 1656 2678 mo-

890 2696 1008 2732 ralem
1048 2704 1203 2731 sensum
1248 2693 1418 2738 ejusdem
1456 2689 1657 2727 sententiae

891 2743 1120 2790 prophetiam
1138 2740 1316 2783 afferens,
1338 2739 1430 2776 dicit
1450 2738 1550 2785 quod
1566 2746 1661 2789 qua·-

890 2791 977 2827 dam
998 2791 1144 2826 ratione
1165 2798 1268 2824 mare
1287 2791 1437 2824 accuset
1470 2786 1658 2835 inquietu-

891 2839 1036 2881 dinem,
1081 2836 1355 2882 fatigationem,
1391 2833 1657 2878 importunita-

892 2890 968 2922 tem
1009 2887 1260 2921 mercatorum
1296 2882 1462 2918 avaritiae
1499 2877 1658 2914 studen-

892 2933 1000 2970 tium.
1022 2932 1117 2969 Audi
1137 2932 1219 2978 eJus
1238 2929 1349 2966 verba
1377 2939 1386 2964 :
1539 2971 1547 2979 ·
1624 2969 1632 2977 ο

944 2993 960 3012 α
981 2980 1070 3017 Haec
1100 2983 1156 3016 est
1186 2988 1258 3015 vox
1292 2975 1420 3019 mam,
1442 2981 1551 3020 quast
1568 2970 1660 3008 fati-
