1826 3164
395 161 593 202 sennim:
621 171 833 202 nnuncne
861 163 988 204 Arnus
1015 173 1067 203 u
1094 173 1344 206 ram-neom.
1563 165 1642 209 673

633 297 786 349 MEME
818 306 1094 377 DIMANCHE

857 422 1002 456 Veniunt
1021 424 1070 456 ad
1088 434 1145 458 vos
1164 425 1200 459 in
1219 425 1425 459 vestimentis
1442 428 1568 470 ovium,
1577 430 1642 463 etc.

844 475 889 508 Ils
908 476 1083 510 vIennent
1102 479 1122 510 ὲ
1141 479 1242 519 vous,
1263 481 1427 513 couverts
1452 480 1495 514 de
1526 490 1644 524 peuux

891 523 935 555 de
954 524 1085 564 brebis,
1104 527 1169 558 ete.

695 575 880 618 (Evanqile
898 576 989 609 selon
1009 578 1102 610 saint
1121 579 1297 612 Matthieu.
1318 580 1421 623 chap.
1441 590 1498 622 vu,
1521 583 1554 620 7.
1575 582 1643 624 ¹5.)

131 691 260 730 Pomr
278 698 443 733 umoue.
465 709 518 717 —
537 689 648 744 Dans
668 700 713 728 ce
733 687 804 740 qui
826 688 1016 740 precede,
1039 702 1146 729 nous
1176 702 1307 731 avons
1339 692 1400 732 dit
1431 705 1528 745 que.
1564 705 1643 746 par

78 767 184 796 ceux
202 754 275 807 qui
294 753 586 805 s'approehent
605 756 796 792 couverts
814 753 867 813 de
887 766 1025 806 peaux
1045 754 1095 794 de
1113 754 1252 795 brebis
1284 759 1326 797 et
1357 759 1381 796 ἐι
1411 758 1644 800 l'interieur

78 824 174 861 sont
193 819 264 859 des
286 819 403 871 loups
423 818 662 866 ravisseurs,
685 818 713 857 it
734 819 826 858 faut
846 819 1049 860 entendre
1073 820 1367 873 specialement
1398 822 1457 863 les
1486 822 1643 864 hereti-

78 897 194 939 ques.
217 886 330 924 Nous
350 883 544 936 ajoutons
563 882 752 933 ici‚selon
772 883 812 922 la
833 886 980 936 pensee
1001 885 1052 924 de
1071 886 1180 926 saint
1197 886 1379 936 Jerome‚
1398 888 1527 940 qu'on
1542 893 1644 941 peut

78 949 278 991 entendre
299 960 449 989 encore
469 960 545 1000 par
563 960 630 987 ees
658 948 759 987 saux
791 949 1014 1001 prophetes
1046 953 1138 990 tous
1169 963 1272 992 ceux
1298 951 1371 1005 qui
1402 953 1534 993 disent
1562 965 1644 995 une

78 1017 222 1057 choses
242 1017 283 1055 et
302 1026 355 1054 en
375 1014 463 1053 font
484 1025 567 1052 une
587 1015 720 1062 autre,
744 1017 785 1053 et
805 1014 877 1065 qui
892 1014 1061 1072 ¹nuiseut
1080 1028 1179 1056 avec
1200 1016 1523 1058 dissimulation.
1536 1016 1645 1060 C'est

77 1081 117 1122 le
135 1091 287 1134 propre
306 1079 362 1119 du
382 1078 534 1118 monde
554 1081 596 1117 et
615 1078 653 1117 le
673 1079 756 1118 mal
782 1091 979 1118 commun
1012 1082 1036 1119 ὲ
1063 1080 1269 1133 plusieurs
1300 1082 1351 1122 de
1383 1082 1530 1124 cacher
1559 1095 1644 1125 une

79 1147 172 1186 Ame
193 1145 243 1185 de
261 1144 360 1196 loup
381 1156 475 1183 sous
496 1155 577 1182 une
599 1155 704 1195 penu
726 1143 777 1184 de
797 1143 1115 1195 b1·ehis‚d'avoir
1134 1146 1237 1186 dans
1257 1146 1295 1187 le
1315 1159 1429 1188 coeur
1447 1161 1504 1188 un
1523 1152 1644 1190 autre

79 1211 306 1252 sentiment
325 1221 407 1261 que
428 1209 528 1248 (lans
548 1208 589 1247 la
608 1208 1076 1249 bouche.11fautd0nc
1107 1211 1212 1251 faire
1244 1212 1450 1252 attention
1483 1215 1508 1253 ὲ,
1538 1213 1641 1264 cela,

79 1278 130 1318 de
149 1289 253 1330 peur
274 1287 354 1328 que
376 1287 482 1314 nous
502 1286 553 1313 ne
573 1286 725 1326 soyons
754 1274 911 1315 seduits
943 1287 1042 1315 avec
1068 1275 1173 1328 peril
1205 1277 1256 1317 de
1288 1277 1416 1330 peche
1449 1282 1491 1319 et
1520 1278 1640 1320 dom-

78 1354 205 1394 mage
225 1353 332 1394 pour
351 1342 471 1379 notre
492 1340 601 1378 sime.

132 1409 245 1449 Nous
263 1406 396 1446 ullons
414 1405 453 1444 le
473 1404 714 1443 demontrer
733 1415 808 1455 par
827 1403 1029 1457 quelques
1049 1405 1276 1458 exemples.

130 1475 226 1515 1.-
240 1473 343 1512 Ca'm
364 1468 565 1509 n’avait-il
587 1481 661 1520 pes
681 1480 763 1508 une
786 1469 879 1508 eme
900 1468 949 1507 «lc
970 1469 1068 1522 loup
1089 1482 1184 1509 sous
1205 1483 1287 1511 une
1303 1483 1411 1524 pean
1425 1472 1476 1513 de
1488 1473 1642 1524 brebis,

79 1538 219 1592 quand
243 1537 272 1576 il
292 1549 317 1576 a
337 1537 499 1587 trompe
519 1546 593 1573 son
616 1534 723 1573 frere
744 1533 973 1574 innocent?
992 1534 1025 1574 Il
1046 1534 1106 1574 lui
1122 1535 1183 1575 dit
1204 1549 1214 1575 :
1241 1550 1260 1574 «
1281 1537 1375 1576 Mon
1398 1538 1522 1588 frere,
1557 1551 1644 1580 sor·

76 1607 173 1645 tons
192 1603 296 1642 dans
316 1602 357 1641 la
376 1611 624 1652 campague.
647 1597 761 1651 (Gen.
785 1610 841 1647 lv,
866 1598 921 1652 6.)
951 1613 970 1637 »
1006 1600 1254 1652 Pourquoi?
1287 1602 1396 1641 Pour
1426 1614 1532 1643 nous
1561 1602 1645 1644 dis-

76 1668 205 1711 traire
226 1670 268 1707 et
287 1678 392 1706 nous
411 1666 588 1710 recreer,
611 1676 718 1716 pour
744 1676 849 1704 nous
881 1676 1105 1717 promener
1134 1670 1175 1705 et
1207 1678 1352 1706 causer
1383 1667 1644 1710 fraternelle-

76 1736 209 1776 ment.
230 1731 352 1773 Voile
371 1730 411 1770 la
429 1742 537 1783 peau
565 1729 617 1769 de
649 1729 802 1769 brebis.
839 1729 1116 1771 Voulez-vous
1149 1730 1241 1770 voir
1271 1731 1399 1772 l’eme'
1426 1732 1480 1772 du
1511 1733 1644 1787 loup?

76 1798 374 1840 L'evenement
392 1796 434 1835 la
447 1798 612 1834 mentre
627 1794 1170 1848 suffisumment.Pourquoi
1183 1796 1472 1838 demendait·il
1485 1800 1510 1838 (1
1522 1798 1645 1840 sortir

79 1863 183 1903 dans
200 1862 243 1903 la
261 1871 510 1913 cempagne,
533 1859 631 1899 sice
652 1858 758 1899 n’est
784 1871 891 1911 pour
923 1861 1149 1901 soustraire
1181 1873 1256 1900 son
1288 1861 1396 1902 frere
1426 1865 1450 1903 (1
1479 1863 1522 1904 la
1552 1876 1644 1906 sur·

77 1928 280 1969 veillance
300 1926 356 1965 du
375 1926 473 1977 pere
494 1926 534 1964 et
554 1924 605 1964 de
626 1923 665 1964 la
685 1926 814 1973 mere,
838 1927 879 1964 et
896 1937 1003 1977 pour
1023 1937 1120 1978 que,
1141 1926 1240 1978 loup
1259 1927 1480 1977 levissem,
1507 1929 1537 1968 il
1567 1933 1644 1982 put

79 1995 275 2045 attaquer
293 1994 335 2031 et
354 1989 544 2030 dechirer
564 2000 608 2028 ee
627 1988 733 2041 petit
753 2001 934 2040 agnezm,
956 1989 1042 2029 loin
1068 1990 1120 2030 de
1154 1993 1267 2030 toute
1300 1992 1572 2034 surveillance
1603 1998 1646 2035 et

931 2113 1091 2160 [deoque
1111 2118 1146 2150 et
1168 2114 1255 2151 huic
1275 2115 1329 2151 rei
1357 2117 1641 2162 attendendum,

883 2171 931 2196 ne
975 2161 1174 2207 uandoque
1207 2162 1441 2208 decipiamur
1467 2173 1554 2201 cum
1574 2175 1642 2211 pe·-

215 2169 398 2210 EADEM
434 2168 706 2208 DOMINICA’
884 2208 1001 2245 ricuo
1032 2209 1176 2254 peccati
1214 2213 1251 2245 et
1289 2211 1452 2255 pernicie
1489 2212 1640 2250 animae.

459 2273 583 2301 Veniunt
595 2272 632 2300 ad
644 2279 694 2300 vos
706 2272 738 2300 iu
752 2273 842 2301 veeti-

489 2309 598 2337 mentis
610 2308 719 2342 ovium,
735 2311 790 2336 etc.

130 2402 278 2439 Dictum
298 2402 354 2436 est
383 2398 424 2434 iu
441 2396 754 2443 praecedentibus,
778 2408 843 2443 per

82 2461 147 2488 eos
165 2448 229 2495 qui
260 2447 300 2482 in
326 2445 454 2481 ovium
474 2445 706 2481 vestimentis
732 2455 843 2481 acee-

81 2498 192 2541 dunt,
213 2499 249 2532 et
267 2492 496 2529 intrinsecus
526 2497 614 2528 sunt
634 2492 712 2539 lupi
733 2503 843 2538 rapa-

82 2555 160 2587 ces,
181 2540 392 2589 specialiter
416 2539 603 2585 designari
633 2539 841 2576 haereticos.

82 2591 264 2629 Addimus
283 2591 319 2624 et
338 2586 415 2630 hic,
432 2596 565 2622 omnes
584 2597 647 2622 eos
666 2597 711 2623 ex
732 2597 843 2624 men-

83 2644 121 2677 te
158 2637 278 2674 sancti
299 2633 517 2678 Hieronymi
540 2633 700 2680 intelligi
720 2645 841 2680 posse,

84 2686 149 2734 qui
176 2683 279 2722 aliud
315 2690 502 2725 sermone,
524 2680 627 2716 aliud
663 2681 842 2718 demons-

83 2738 186 2771 trant
222 2740 355 2777 opere,
394 2727 531 2773 quique
572 2733 844 2765 nocumentum

83 2781 254 2818 inferunt
290 2786 378 2814 cum
416 2774 727 2811 dissimulatione.
770 2776 845 2813 Hoc

82 2829 162 2866 fere
189 2831 245 2863 est
275 2822 472 2870 ingenium
504 2821 650 2866 mundi,
673 2827 707 2858 et
739 2833 846 2860 eom·

82 2885 202 2914 mune
230 2872 375 2909 malum
403 2868 622 2914 multorum,
644 2868 847 2923 sub-ovina

81 2922 185 2971 pelle
238 2918 411 2956 animum
466 2926 593 2963 gerere
654 2916 847 2963 lupinum,

82 2969 189 3009 aliud
207 2966 345 3006 habere
363 2966 405 3002 in
417 2973 496 3012 ore,
514 2962 619 3001 aliud
630 2963 672 3001 in
683 2967 845 3011 pectore.

295 3059 346 3093 111

882 2255 1075 2302 Exemplis
1094 2256 1236 2302 aliquot
1256 2257 1292 2292 id
1306 2258 1621 2297 demonstremus.

931 2302 1067 2339 Primo.
1108 2304 1243 2340 Annon
1291 2305 1382 2341 Cain
1421 2305 1490 2342 sub
1531 2307 1642 2344 ovina

882 2350 980 2396 pelle
1017 2350 1192 2397 lupinum
1229 2352 1379 2397 gerebat
1418 2353 1520 2390 intus
1555 2355 1642 2392 ani·

883 2408 1004 2481 ἔυιιίηι,
1024 2398 1152 2445 sieque
1171 2398 1323 2435 fratrem
1356 2400 1564 2438 innocuum
1584 2402 1641 2439 fe-

897 2455 917 2481 c
951 2444 1004 2480 it?

932 2492 1025 2528 Dicit
1041 2502 1078 2528 τι(
1094 2492 1232 2536 Frater,
1244 2493 1478 2540 egrediamur
1490 2494 1588 2532 foras
1601 2496 1642 2534 in

881 2540 1643 2586 agrum.»Quadeoausa?Animietrecrea·

883 2586 1012 2632 tionis,
1031 2587 1110 2623 sive
1134 2587 1449 2626 deambulationis
1467 2594 1502 2626 et
1521 2591 1641 2627 collo-

882 2634 959 2680 quii
978 2635 1134 2683 fraterni
1152 2635 1280 2680 gratia.
1302 2636 1359 2672 En
1386 2636 1498 2683 pellis
1515 2638 1639 2674 ovina.

882 2682 945 2719 Vis
956 2681 1127 2718 animum
1142 2683 1222 2727 ejus
1235 2683 1426 2728 pervidere
1443 2684 1642 2730 lupinum?

882 2729 978 2765 Satis
1011 2740 1099 2766 eum
1138 2728 1292 2766 effeetus
1323 2731 1536 2768 declaravit.
1569 2731 1642 2767 Cur

883 2776 1009 2823 egredi
1039 2777 1080 2812 in
1109 2787 1242 2823 agrum
1271 2777 1434 2824 petebat,
1456 2778 1531 2814 nisi
1563 2782 1600 2814 ut.
1619 2789 1641 2815 a

885 2823 1003 2861 Patris
1049 2828 1085 2860 et.
1127 2823 1255 2861 Matris
1295 2828 1447 2871 aspectu
1488 2824 1643 2863 fratrem

885 2872 1091 2916 seduceret,
1111 2875 1147 2908 et
1166 2878 1207 2908 ut.
1225 2871 1336 2918 lupus
1355 2881 1469 2917 rapax
1488 2872 1642 2910 nemine

885 2918 1024 2956 arbitro
1042 2922 1107 2956 aut
1122 2918 1274 2955 conseIo
1286 2918 1505 2963 agniculum
1523 2918 1642 2956 adori-

886 2970 987 3004 retur
1006 2970 1042 3004 et
1059 2965 1281 3004 devoraret?
1300 2965 1406 3010 Quod
1429 2965 1518 3003 fecit
1536 2976 1642 3005 mor-

1377 3047 1430 3089 43
