1826 3164
459 155 658 197 ssrrnlms
685 164 900 195 umacus
925 157 1052 196 81883
1079 164 1131 196 u
1159 163 1407 195 ramese-rs.
1633 155 1714 197 wc

140 244 381 295 tui-meme,
396 244 501 284 (1883
520 254 604 284 une
622 243 747 283 lettre
761 241 863 295 qu’il
883 243 987 284 ecrit
1006 246 1031 284 8
1050 242 1290 290 Philemon,
1313 243 1452 295 preti-e
1471 242 1523 283 de
1544 243 1711 284 nom:

145 323 170 348 «
189 310 240 352 Je
259 309 371 350 lisais
389 308 711 350 attentivement
729 307 789 347 les
808 307 933 348 livres
953 313 995 349 et
1022 309 1082 349 les
1100 307 1442 360 enseignements
1460 307 1533 348 des
1555 307 1713 349 hereti-

137 386 263 429 8883,
284 378 341 424 81,
362 374 458 414 bien
480 384 562 426 que
575 372 621 425 je
640 372 748 412 visse
767 372 1014 413 clairement
1034 385 1115 426 que
1136 385 1237 414 8108
1256 372 1386 426 838111
1403 372 1507 412 81811
1524 384 1714 414 momen·

144 441 364 480 tenement
382 437 530 478 souille
548 449 625 491 881·
646 437 757 478 leurs
786 437 1012 490 coupables
1038 438 1245 491 opinions,
1257 438 1301 490 je
1320 437 1449 478 sentis
1467 438 1715 478 8888180188

145 504 248 559 qu'il
267 516 320 544 en
339 502 532 544 resultait
551 514 659 555 pour
678 502 763 542 moi
796 515 854 543 un
885 506 1111 555 avantage,
1133 506 1158 542 8
1188 502 1327 543 38νο11·
1361 514 1443 556 que
1472 503 1712 543 non-seule-

145 573 262 610 ment
276 568 321 622 je
339 569 400 608 les
418 567 686 608 condamnais
705 571 747 608 et
766 567 826 608 les
845 568 1021 608 refutais
1041 580 1118 620 par
1137 568 1177 607 la
1196 570 1350 620 888388
1363 568 1714 608 181811881881881

133 633 248 674 *dans
265 645 364 673 mon
385 634 494 682 8188,
510 632 616 673 mais
642 633 686 685 Je
716 632 776 673 les
808 632 1006 674 (181831813
1037 633 1199 673 ensuite
1232 633 1449 685 beaucoup
1469 633 1563 686 plus
1595 633 1712 674 vive-

142 701 274 739 ment.
295 699 362 740 Un
381 699 520 751 pretre
541 710 609 739 me
629 698 836 739 detourna
855 698 907 739 de
926 701 1034 739 cette
1053 697 1225 747 lecture,
1248 709 1354 750 pour
1374 711 1454 750 que
1475 699 1514 738 18
1542 709 1712 751 perver-

141 763 294 804 versite
313 764 365 804 de
383 763 475 804 leur
494 764 679 804 doctrine
699 775 752 804 ne
775 764 864 804 vint
883 763 1002 816 point
1021 765 1046 803 8
1066 775 1133 803 188
1153 762 1324 802 souiller
1353 764 1405 803 de
1436 776 1481 803 sa
1513 763 1656 816 sange.
1678 765 1715 805 A

142 840 243 870 mon
264 840 373 878 3883,
392 841 437 870 88
457 830 595 882 preti-e
615 829 737 869 disait
756 829 860 878 vrai,
883 829 988 869 mais
1008 839 1091 868 une
1110 828 1243 868 vision
1264 827 1321 868 du
1340 828 1419 868 ciel
1447 840 1514 869 me
1545 828 1628 868 tira
1658 828 1712 869 de

135 906 246 934 ‘mou
264 894 447 943 anxiete,
468 897 511 934 et
538 906 622 934 888
641 894 738 934 voix
758 905 802 934 38
821 894 869 934 fit
889 894 1093 934 entendre
1113 892 1360 933 clairement
1380 895 1404 932 8
1424 904 1512 934 1883
1531 893 1710 941 oreilles,

143 960 218 1013 qui
237 959 361 1000 (113811
383 971 392 999 :
418 974 437 997 «
458 959 524 999 Lis
542 971 641 999 avec
660 959 749 998 soin
771 962 864 999 tous
884 959 943 999 les
963 958 1086 999 livres
1105 970 1187 1011 que
1209 962 1254 998 tu
1290 958 1444 1011 prends
1474 970 1529 998 en
1560 958 1710 1007 mains,

142 1036 216 1065 881·
232 1027 280 1064 18
299 1037 344 1064 83
365 1037 446 1064 888
465 1024 525 1064 foi
545 1036 657 1064 assez
677 1023 807 1063 solide
826 1036 934 1076 pour
953 1024 1113 1063 refuter
1132 1027 1174 1063 et
1194 1036 1300 1076 pour
1325 1024 1544 1064 examinet
1574 1027 1714 1064 tontes

144 1090 305 1130 choses.
327 1089 436 1131 C’est
455 1102 563 1142 pour
583 1101 627 1129 ce
647 1089 775 1128 motis
791 1090 928 1129 meme
954 1101 1037 1141 que
1071 1092 1116 1128 tu
1137 1100 1182 1127 as
1201 1091 1268 1128 ete
1286 1089 1434 1141 appele
1455 1092 1480 1128 8
1500 1088 1541 1128 18
1561 1089 1622 1129 foi
1640 1088 1715 1128 des

145 1155 183 1195 le
203 1157 576 1195 commencement.
596 1168 616 1192 1)
640 1155 662 1195 J
668 1167 690 1194 e
710 1154 887 1194 donnais
910 1154 1135 1193 voloutiers
1154 1166 1253 1194 mou
1273 1154 1588 1194 8338811188818
1601 1158 1711 1194 cette

142 1220 295 1270 vision,
317 1220 389 1272 qui
413 1220 517 1260 etait
548 1219 738 1260 d’accord
772 1230 873 1259 avec
906 1218 946 1258 18
979 1219 1122 1271 parole
1154 1219 1205 1258 de
1238 1218 1439 1270 sApOtre,
1461 1219 1599 1258 disant
1632 1231 1715 1259 aux

143 1285 237 1338 plus
268 1285 419 1326 solides
441 1299 452 1325 ε
483 1301 503 1322 «
535 1286 750 1338 Eprouvez
782 1287 889 1333 tout,
911 1284 1221 1324 attachez-vous
1253 1286 1278 1324 8
1314 1296 1361 1324 88
1398 1284 1473 1337 qui
1509 1287 1573 1324 est
1607 1284 1712 1324 hon.

139 1348 181 1403 (1
207 1349 380 1391 Thessal.
404 1362 443 1398 v,
465 1350 547 1403 21.)
569 1364 588 1387 n
615 1350 737 1391 Voila
767 1353 979 1389 comment
1011 1349 1232 1402 s'exprime
1266 1350 1392 1389 Denis
1418 1348 1715 1390 d'Alexandrio

146 1415 371 1464 lui-meme,
393 1415 496 1456 (1883
515 1415 687 1467 1Ἑ81118
707 1414 1081 1454 383-18881108888.

198 1482 239 1521 3⁶
258 1481 401 1520 Pom‘r.
422 1502 475 1510 —
494 1480 642 1520 Disons
661 1493 713 1520 88
735 1480 946 1520 troisieme
959 1479 1045 1520 lieu
1065 1483 1277 1520 comment
1291 1479 1350 1519 les
1364 1479 1605 1532 heretiques
1618 1482 1714 1519 sont

140 1557 303 1585 808883
322 1546 478 1585 818813
513 1545 647 1594 fruits‚
670 1557 778 1598 pour
808 1545 1025 1597 employer
1045 1545 1083 1585 18
1104 1545 1286 1597 langage
1320 1546 1457 1585 meme
1492 1545 1545 1585 de
1564 1546 1713 1584 Notre-

145 1610 356 1662 Seigneur
375 1610 478 1650 (1883
497 1610 733 1662 l'Evangile
753 1609 804 1649 de
823 1622 868 1650 ce
885 1610 983 1662 jour
1006 1622 1015 1648 :
1044 1624 1063 1647 α
1083 1610 1197 1651 Vous
1218 1609 1276 1649 les
1295 1611 1538 1650 connaitrez
1557 1611 1581 1648 8
1600 1609 1712 1650 leurs

143 1674 280 1715 fruits.
299 1674 390 1726 (loc.
413 1674 496 1728 cit.)
520 1689 538 1713 »
563 1675 742 1716 Vincent
761 1674 813 1715 de
832 1674 990 1724 1181183,
1004 1674 1253 1727 expliquant
1266 1686 1312 1715 ce
1327 1675 1554 1725 texte,dit:
1578 1689 1597 1711 ιι
1615 1673 1715 1716 Cela

141 1742 242 1780 veut
259 1739 348 1780 dire
370 1751 466 1792 que,
488 1739 698 1793 lorsqu'ils
717 1742 1005 1779 commencent
1025 1752 1111 1779 808
1143 1739 1237 1792 plus
1257 1739 1491 1780 seulement
1511 1741 1536 1779 8
1560 1742 1714 1780 mettre

130 1815 195 1845 -οιι
209 1807 336 1844 avant
355 1805 460 1845 mais
474 1806 499 1844 8
518 1805 749 1858 expliquer,
762 1817 847 1844 non
867 1805 961 1858 plus
981 1804 1213 1844 seulement
1233 1807 1257 1844 8
1271 1805 1382 1857 jeter
1395 1805 1708 1854 effrontement,

133 1870 248 1909 'mais
266 1871 290 1909 8
309 1870 559 1922 interpreter
578 1870 637 1910 les
655 1869 821 1922 paroles
841 1870 892 1910 de
912 1870 1032 1917 Dian,
1048 1869 1159 1910 alors
1179 1881 1234 1909 08
1255 1870 1344 1910 voit
1363 1870 1456 1910 leur
1474 1874 1712 1910 amortume

142 2073 226 2101 rum
247 2063 459 2100 Romanum
481 2063 561 2100 haec
580 2063 768 2100 scribente
784 2074 817 2099 t«
833 2063 907 2099 Ta·
946 2074 1029 2110 quae
1059 2068 1139 2100 tum
1171 2047 1447 2108 convincenda,
1468 2068 1549 2101 tum
1576 2063 1713 2111 explo-

140 2111 253 2148 metsi
282 2111 544 2148 haereticorum
576 2111 692 2147 libros
724 2115 760 2147 81
788 2111 905 2147 tradi·
947 2111 1077 2148 randa.
1117 2111 1235 2157 Atque
1274 2110 1354 2147 baec
1392 2121 1506 2148 causa
1543 2112 1613 2149 fuit
1643 2122 1714 2149 cur

139 2159 265 2196 tiones
296 2158 547 2206 perlegebam,
569 2163 605 2195 et
636 2168 764 2195 meum
789 2158 908 2205 ipsius

140 2206 312 2244 animum
356 2207 403 2242 ad
442 2211 591 2252 tempus
628 2206 907 2242 scelestissimis

138 2263 271 2291 corum
292 2253 536 2300 opinionibus
556 2254 832 2300 quodammodo
852 2253 907 2289 in-

166 2302 290 2338 818811
310 2301 501 2346 videbam3
525 2301 595 2338 hoc
627 2306 753 2338 tamen
784 2301 831 2337 ab
857 2301 905 2337 il-

142 2349 153 2386 l
171 2359 189 2385 s
208 2348 403 2396 capiebam
423 2349 628 2393 commodi,
651 2354 689 2385 ut
724 2359 801 2385 non
822 2359 906 2385 mo-

132 2396 189 2433 'do
218 2406 283 2433 eos
314 2397 492 2433 interiore
522 2396 641 2433 animi
679 2397 907 2441 cogitatione

131 2443 437 2481 'condemnarem
480 2454 524 2480 88
568 2444 793 2487 refellerem,
840 2445 904 2480 sed

139 2490 263 2527 multo
282 2490 544 2527 vehementius
563 2490 604 2528 in
623 2496 817 2538 posterum
838 2492 905 2527 de-

142 2541 310 2574 testarer.
332 2538 382 2574 Ac
401 2547 489 2574 cum
508 2538 660 2583 quidam
681 2549 726 2575 ex
746 2549 906 2575 numero

132 2584 448 2630 vPresbyterorum
473 2594 534 2621 me
565 2585 765 2623 deterreret
796 2598 818 2623 a
850 2587 905 2623 le-

132 2632 280 2679 ·gendo,
300 2642 349 2668 ne
368 2642 550 2678 perversae
568 2632 750 2669 doctriuae
775 2644 905 2671 eorum

133 2686 254 2716 'coeno
292 2679 585 2723 contaminaret,
623 2689 784 2727 cumque
821 2692 907 2718 vera

131 2736 229 2763 meo
263 2725 408 2772 judicio
445 2727 600 2770 diceret,
619 2726 712 2763 visio
735 2729 907 2774 quaedam

144 2773 290 2811 caelitus
309 2773 356 2809 ad
375 2783 436 2810 me
455 2773 618 2810 demissa
630 2784 692 2810 me
710 2775 907 2812 coufirma-

135 2820 211 2865 ‘vit‚
244 2824 280 2858 et
310 2830 382 2857 vox
412 2821 458 2857 ad
489 2830 599 2857 aures
618 2821 762 2867 dilapsa
781 2823 908 2860 mani-

133 2867 238 2905 ·feste
256 2868 435 2915 praecepit
457 2878 465 2904 :
483 2882 498 2900 o«
520 2868 662 2905 Omnes
682 2868 798 2905 libros
815 2880 909 2916 quos

133 2914 267 2952 ‘sumis
303 2915 345 2952 in
382 2925 520 2952 manus
567 2915 696 2952 evolve
746 2917 877 2954 sedulo
897 2933 907 2962 3

133 2972 238 3000 ¹nam
263 2963 353 2999 satis
388 2961 503 3000 habes
533 2961 720 3001 firmitatis
737 2963 785 3000 ad
812 2974 909 3011 quae·

946 2158 1055 2195 initio
1075 2158 1120 2194 ad
1142 2157 1255 2195 fidem
1274 2162 1427 2195 vocatus
1453 2159 1582 2196 fueris.
1606 2174 1622 2194 ι
1646 2159 1712 2197 vi-

945 2207 1092 2242 sionem
1131 2211 1257 2253 utpote
1295 2207 1597 2244 consentientem
1628 2207 1712 2245 voci

946 2253 1167 2299 Apostolieae
1198 2254 1245 2289 ad
1280 2254 1509 2300 potentiores
1529 2254 1672 2291 dicenti
1700 2265 1711 2292 :

949 2316 962 2333 a
986 2301 1124 2337 Omnia
1156 2301 1324 2347 probate,
1351 2302 1451 2348 quod
1480 2301 1624 2339 bonum
1655 2306 1713 2339 831

946 2353 1102 2392 tenete,»
1125 2348 1260 2385 lubens
1280 2350 1455 2395 equidem
1468 2349 1708 2396 approbavi.-

948 2397 1032 2433 llaec
1052 2397 1132 2442 ipse
1155 2397 1355 2442 Dionysius
1375 2397 1651 2434 Alexandrinus
1669 2397 1712 2434 in

944 2444 1042 2480 dicta
1064 2443 1244 2490 Epistola.

993 2492 1168 2527 Dicamus
1200 2491 1324 2537 tertio,
1357 2492 1545 2538 quomodo
1564 2503 1587 2528 8
1606 2491 1712 2530 fruc-

947 2539 1045 2575 tibus
1083 2543 1361 2585 cognoscantur
1406 2539 1586 2585 haeretiei,
1615 2540 1714 2576 sicut

946 2586 1007 2623 hic
1044 2586 1136 2622 dicit
1176 2586 1391 2622 Dominus:
1419 2598 1433 2618 ι
1462 2587 1490 2622 Α
1527 2587 1714 2624 fructibus

944 2644 1074 2671 eorum
1095 2634 1330 2680 cognoscetis
1349 2644 1426 2670 eos.
1452 2648 1466 2666 ι
1492 2635 1569 2671 Hoc
1587 2634 1715 2680 expli—

944 2692 1036 2718 cans
1079 2681 1301 2718 Vincentius
1353 2681 1573 2727 Lirinensis,
1627 2691 1711 2728 cap.

945 2740 1052 2766 xxxvi
1072 2739 1080 2765 :
1096 2741 1111 2760 «
1128 2729 1169 2764 ld
1190 2733 1257 2773 est,
1274 2729 1398 2775 inquit
1417 2730 1511 2775 ipsc,
1526 2739 1614 2766 cum
1634 2738 1712 2765 818-

946 2776 1069 2823 perint
1102 2776 1249 2812 divinas
1277 2776 1361 2812 illas
1393 2787 1513 2821 voces,
1537 2786 1616 2812 808
1630 2775 1714 2821 jam

946 2824 1111 2871 proferre
1127 2828 1272 2860 tantum
1289 2824 1354 2860 sed
1374 2824 1487 2860 etiam
1507 2833 1551 2859 ex
1581 2832 1713 2867 onere,

946 2882 1017 2908 nec
1036 2871 1161 2907 adbuc
1177 2871 1319 2916 jactare
1350 2871 1474 2907 solum
1502 2880 1541 2905 se
1598 2869 1716 2908 etiam

947 2918 1199 2965 interpretari,
1237 2923 1328 2955 tunc
1377 2917 1587 2953 amaritudo
1630 2916 1715 2961 illa,

946 2970 1039 3003 tunc
1057 2965 1256 3012 acerbitas,
1278 2969 1368 3002 tunc
1386 2964 1509 3001 rabies
1528 2963 1716 3012 intelligi·-
