1826 3164
93 263 148 292 au
167 263 270 292 nem
287 250 339 291 de
357 250 538 291 l'amour
567 250 785 303 conjugal,
819 261 892 290 car
921 250 952 290 il
983 249 1178 291 convient
1208 248 1365 302 qu'une
1394 249 1550 291 femme
1580 250 1662 291 n’i-

95 328 229 369 gnere
248 328 383 356 aucun
403 316 475 356 des
493 317 646 356 5881815
665 314 716 355 de
735 326 812 354 5011
833 314 956 355 mari.
978 315 1116 365 Aussi,
1137 314 1232 368 plus
1251 314 1363 363 tarci,
1394 315 1572 356 Samson
1602 315 1663 356 lui

94 381 272 426 cachant
290 393 366 422 son
385 383 531 430 secret,
543 379 622 420 elle
643 379 783 419 insiste
803 382 845 419 et
863 379 924 420 lui
945 380 1007 419 dit
1027 393 1067 418 :«
1089 381 1313 420 Comment
1331 380 1562 420 dites-vous
1580 393 1663 434 que

93 458 198 488 vous
214 447 419 493 m'aimez,
441 445 616 498 puisque
635 447 754 485 votre
775 456 890 485 80881
908 444 1012 484 n’est
1030 457 1103 497 pas
1123 457 1222 485 avec
1243 446 1329 485 mei
1341 446 1484 487 'Nous
1504 446 1663 487 m’avez

94 513 191 564 deja
209 512 340 553 menti
358 523 434 564 par
450 510 552 551 trois
572 510 664 558 fois,
687 512 729 550 et
748 522 850 550 vous
870 522 922 550 ne
943 509 1101 550 m'avez
1128 510 1249 562 point
1279 511 1407 550 voulu
1441 511 1531 551 dire
1563 510 1664 552 d'ou

93 589 197 618 vous
215 577 329 617 vient
347 587 430 616 une
450 576 485 615 si
506 576 666 628 grande
687 575 815 615 force.
837 574 963 628 (Ibz'd.
987 574 1068 627 15.)
1091 588 1111 612 1)
1139 576 1258 615 Voila
1277 576 1318 615 la
1344 589 1453 629 peau
1483 576 1535 617 de
1565 575 1663 617 bre-

85 641 169 691 1115,
192 642 371 682 l'amour
391 640 604 693 conjugat,
627 641 730 680 dont
749 652 792 680 se
825 639 989 680 eouvrit
1020 639 1171 687 Dama,
1204 652 1311 692 pour
1345 641 1594 694 surprendre
1624 641 1664 682 le

93 709 224 748 secret
243 707 293 747 de
313 719 387 746 son
409 706 531 746 mari.
555 706 672 756 Mais,
695 718 750 746 au
783 705 898 755 fond,
935 705 1015 746 elle
1053 704 1167 744 avait
1205 717 1287 744 une
1327 707 1421 746 ame
1459 707 1510 746 de
1547 706 1662 759 loup,

93 784 255 814 comme
276 771 556 812 l'evenement
576 772 613 810 le
634 766 793 823 p'rouve
814 772 839 810 8
859 774 952 810 1881
972 770 1023 811 (18
1043 771 1239 822 18811585,
1253 772 1395 822 quand
1411 772 1489 811 elle
1503 772 1541 812 18
1561 771 1666 812 livre

93 842 211 879 entre
231 837 290 877 les
311 837 447 877 mains
466 837 515 876 de
535 848 598 876 ses
618 836 809 875 ennemis
835 848 943 887 pour
975 836 1062 875 etre
1094 837 1260 887 meque,
1297 836 1491 886 aveugle,
1528 837 1607 876 mis
1639 838 1667 877 8

94 907 218 946 111011.
241 903 458 943 1111011888
480 903 656 942 Samson
675 901 684 941 l
708 902 770 941 Tu
792 901 932 941 devais
959 904 999 940 te
1035 900 1187 952 garder
1225 900 1276 940 de
1315 902 1438 940 l'ame
1476 902 1526 942 de
1563 902 1665 955 leup

93 970 195 1010 chez
215 968 363 1018 Dalila,
386 967 563 1020 laquelle
583 979 625 1006 se
645 965 806 1006 caehait
826 979 921 1005 sous
939 966 982 1006 18
1002 978 1106 1018 pean
1130 966 1181 1005 de
1200 966 1353 1014 brebis,
1388 970 1430 1006 81
1461 970 1507 1006 tu
1544 967 1665 1007 n’au-

94 1034 178 1075 rais
197 1033 318 1086 point
335 1033 456 1072 181558
477 1043 590 1071 18581·
608 1031 767 1082 l’esprit
787 1030 1030 1082 septiforme
1050 1030 1121 1082 qui
1142 1043 1185 1070 se
1205 1031 1366 1070 88811811
1387 1044 1484 1071 5085
1499 1037 1561 1072 185
1575 1034 1667 1086 sept

94 1099 296 1147 cheveux,
318 1110 371 1137 ou
392 1098 528 1150 plutot
547 1108 643 1135 5085
663 1096 722 1135 185
742 1099 833 1148 sept
851 1096 1018 1135 meches
1050 1096 1345 1147 mysterieuses
1378 1097 1428 1136 de
1462 1098 1664 1138 cheveux.

94 1166 157 1205 Tu
178 1164 318 1204 aurais
337 1163 445 1202 evite
467 1162 702 1215 l'opprobre
717 1161 767 1201 de
788 1164 849 1201 tes
869 1162 1074 1211 8118811115,
1090 1161 1121 1200 51
1138 1165 1182 1199 tu
1197 1161 1311 1200 uvais
1328 1162 1388 1201 fui
1407 1162 1466 1202 185
1487 1174 1667 1204 88185585

95 1229 314 1270 8111188185
334 1230 376 1268 et
397 1230 657 1280 trompeuses
677 1226 728 1266 de
749 1230 856 1266 cette
877 1227 1047 1266 femme.

148 1295 407 1334 Tenez-vous
428 1292 668 1344 egolement
687 1303 739 1331 en
764 1291 908 1343 garde,
931 1293 955 1330 ὀ
971 1292 1123 1342 jeunes
1145 1303 1264 1342 gen-3,
1287 1296 1430 1331 contre
1452 1292 1509 1332 les
1530 1304 1667 1334 cares-

94 1371 158 1400 ses
178 1363 219 1399 81
239 1359 297 1399 185
317 1358 481 1399 81118115
501 1358 571 1396 (185
593 1358 768 1397 femmes
788 1356 861 1409 qui
894 1368 936 1396 se
970 1357 1123 1396 livrent
1157 1359 1180 1396 8
1217 1357 1255 1396 18
1286 1357 1515 1397 debnuche.
1541 1373 1562 1396 (ι
1593 1359 1668 1400 885

93 1423 280 1464 discours
299 1426 393 1463 sont
412 1424 505 1475 plus
534 1426 746 1462 onctueux
780 1434 862 1474 que
894 1421 1054 1470 l’huile,
1088 1425 1131 1461 81
1162 1422 1361 1461 toutefois
1393 1435 1438 1462 ce
1471 1427 1565 1463 sont
1594 1423 1667 1464 (185

95 1489 235 1530 dards.
260 1488 343 1542 (Ps.
366 1499 446 1536 mv,
469 1486 551 1539 24.)
574 1500 593 1524 »
621 1489 730 1527 Leur
750 1489 996 1527 8081801851
1028 1487 1175 1526 tendre
1208 1499 1370 1526 comme
1403 1488 1511 1527 celui
1543 1488 1595 1529 de
1625 1488 1667 1530 la

92 1566 202 1607 peau
223 1554 347 1594 d'une
367 1553 504 1592 brebis
523 1564 578 1592 ou
598 1551 698 1591 d'un
719 1563 902 1604 agneau‚
925 1551 1031 1592 mais
1051 1551 1280 1592 la-dessous
1301 1565 1344 1592 58
1363 1553 1489 1592 888118
1509 1554 1549 1593 18
1562 1564 1667 1606 rage

93 1619 151 1660 du
171 1619 286 1672 loup.
314 1618 433 1658 Aussi
465 1618 523 1658 185
555 1616 831 1670 appelle—t-on
864 1617 935 1657 des
966 1616 1110 1657 louves
1141 1620 1183 1657 et
1214 1618 1326 1657 leurs
1357 1618 1542 1658 maisons
1572 1621 1668 1660 sont

93 1686 311 1724 nommees
331 1683 402 1724 des
421 1683 633 1735 lupanars,
656 1682 767 1722 Elles
785 1694 890 1722 vous
909 1682 1112 1722 devorent
1133 1682 1172 1722 18
1194 1695 1323 1731 coeur,
1346 1683 1446 1723 elles
1465 1684 1667 1725 devorent

93 1761 167 1789 vos
198 1749 317 1790 biens
337 1751 377 1789 81
397 1751 514 1788 votre
545 1748 627 1796 vie,
650 1747 750 1788 elles
770 1748 972 1788 devorent
991 1747 1051 1787 les
1070 1760 1182 1799 yeux
1202 1748 1253 1788 de
1273 1752 1391 1788 votre
1413 1750 1507 1789 81118
1527 1752 1570 1789 81
1588 1748 1665 1790 l'a-

93 1814 309 1868 veuglent.
332 1815 524 1862 Samson,
546 1824 654 1866 pour
671 1825 724 1853 ne
742 1825 817 1866 pas
836 1811 960 1853 s'etre
979 1812 1102 1853 mefie
1129 1813 1181 1853 de
1213 1812 1435 1853 l'occasion
1467 1817 1510 1854 et
1541 1813 1666 1855 s'etro

93 1879 287 1923 endormi
307 1882 423 1919 entre
443 1878 503 1918 les
520 1877 617 1918 bras
633 1877 685 1918 de
705 1890 751 1918 sa
769 1877 920 1927 Dalila,
942 1878 1008 1918 fut
1027 1877 1082 1918 lie
1101 1890 1179 1931 par
1197 1878 1404 1932 plusieurs
1425 1879 1586 1930 cordes,
1607 1891 1664 1921 011

404 162 604 203 5811111118
632 170 847 202 omnent:
876 161 1012 202 ‚trans
1031 170 1082 201 111
1111 169 1359 201 remeo-re.

103 2011 1671 2029 ——7————·—————————

95 2115 200 2153 enim
225 2115 427 2161 conjugem
460 2115 652 2151 consciam
685 2124 767 2150 esse
797 2123 859 2150 se—

897 2113 1062 2150 crinium
1082 2118 1225 2160 septem
1258 2114 1364 2152 ssecis
1399 2115 1583 2161 mysticis.
1605 2115 1668 2154 Sic

94 2167 284 2201 oretorum
312 2162 394 2198 viri.
421 2162 524 2199 Unde
552 2167 588 2197 et
616 2166 757 2207 postea,
781 2171 859 2198 rem

898 2161 1056 2207 fugisses
1089 2161 1224 2198 hostile
1253 2162 1512 2208 opprobrium,
1540 2164 1572 2200 si
1606 2164 1666 2200 vi-

78 2210 243 2250 celante
272 2210 468 2253 samsone,
500 2210 636 2245 iterum
664 2209 792 2252 instat,
825 2213 860 2244 et

95 2258 188 2295 dicit
226 2257 262 2294 ei
301 2268 309 2294 :
341 2271 355 2289 n
397 2256 592 2301 Quomodo
629 2256 724 2292 dicis
761 2256 859 2302 quod

95 2315 201 2343 amas
220 2315 296 2348 me,
317 2314 405 2341 cum
430 2304 581 2340 animus
610 2308 695 2339 tuus
715 2314 794 2341 non
814 2303 861 2339 sit

97 2354 277 2390 mecum?
296 2352 364 2388 Per
384 2357 456 2388 tres
490 2352 588 2388 vices
620 2351 801 2387 mentitus
822 2361 861 2387 es

97 2399 209 2443 mihi,
224 2409 296 2436 nec
315 2399 444 2436 dixisti
461 2399 502 2435 in
547 2409 594 2435 uo
615 2399 780 2435 maxima
799 2403 861 2434 tua

98 2447 148 2484 sit
168 2446 370 2483 fortitudo?
385 2461 399 2479 n
418 2446 474 2482 En
486 2456 533 2493 pe
551 2446 598 2482 lis
616 2447 741 2492 ovina,
756 2456 862 2482 amor

98 2493 323 2540 conjugalis,
354 2503 428 2539 quo
459 2503 500 2529 se
531 2494 695 2540 contegit
728 2493 860 2535 Dalila,

99 2544 142 2578 ut
169 2540 239 2577 viri
271 2545 458 2577 secretum
495 2540 674 2586 exploret.
706 2541 862 2578 Interim

101 2588 278 2635 lupinum
298 2587 448 2633 gerebat
466 2587 654 2632 animum,
669 2588 767 2634 quod
787 2590 862 2625 exi-

100 2639 162 2672 tus
193 2635 301 2671 toties
338 2634 514 2679 ostendit,
536 2635 626 2671 dum
663 2635 784 2671 virum
821 2636 862 2672 in

104 2681 283 2720 manibus
298 2681 462 2717 hostium
478 2681 600 2727 tradit,
610 2681 861 2728 illudendum,

102 2729 390 2773 excoecandum,
413 2728 663 2765 enecandum.

151 2777 181 2812 Ο
209 2775 341 2819 infelix
377 2775 558 2812 Samson!
595 2774 763 2812 Debebas
796 2775 865 2813 tibi

102 2823 297 2861 attendere
316 2834 336 2859 8
357 2822 486 2869 lupina
518 2826 645 2859 mente
669 2822 710 2859 in
731 2822 863 2867 Dalila,

104 2880 189 2917 quoe
208 2869 345 2906 latebat
364 2869 433 2906 sub
452 2869 564 2907 ovina
593 2869 707 2916 pelle,
728 2874 767 2905 ut
786 2880 865 2906 non

104 2917 346 2954 abraderetur
365 2916 433 2953 tibi
466 2916 619 2962 spiritus
638 2916 866 2962 septiformis

898 2213 1014 2245 tasses
1028 2208 1198 2245 mulieris
1218 2210 1485 2247 illecebrosum
1501 2215 1536 2247 et
1549 2210 1666 2248 fallax

899 2255 1215 2293 blandimentum.

944 2303 1004 2340 Sic
1029 2304 1141 2340 etiam
1173 2304 1356 2341 attendite
1374 2304 1492 2348 vobis,
1513 2315 1535 2342 o
1552 2305 1663 2352 juve-

898 2361 981 2395 885,
1000 2362 1022 2387 a
1042 2350 1236 2388 blanditiis
1255 2357 1291 2388 et
1314 2352 1502 2389 illecebris
1522 2353 1663 2391 mulie-

900 2409 983 2435 rum
1003 2399 1326 2435 meretricantium
1349 2410 1357 2436 :
1379 2413 1393 2431 «ι
1417 2400 1552 2437 Molliti
1573 2404 1663 2438 sunt

899 2456 1093 2482 sermones
1106 2457 1248 2491 earum,
1265 2452 1300 2483 et
1315 2447 1385 2493 ipsi
1400 2452 1487 2484 sunt
1496 2448 1658 2494 jacula.»

900 2493 1076 2530 Mollities
1114 2494 1153 2530 in
1191 2494 1245 2530 eis
1279 2495 1558 2532 contrectandis
1590 2500 1662 2540 est,

900 2542 1007 2587 quasi
1027 2541 1068 2577 in
1087 2541 1186 2588 pelle
1214 2542 1326 2578 ovina
1356 2547 1393 2578 et
1423 2543 1577 2589 agnina,
1597 2543 1665 2581 sed

900 2589 988 2624 latet
1002 2588 1133 2635 lupina
1148 2588 1284 2634 rabies,
1298 2590 1399 2626 unde
1413 2595 1448 2626 et
1461 2590 1551 2636 ipsae
1565 2590 1665 2638 lupae

900 2636 1091 2680 dicuntur,
1101 2641 1135 2672 et
1150 2646 1277 2672 carum
1290 2637 1424 2673 domus
1439 2637 1662 2684 Lupanaria.

900 2683 1041 2720 Vorant
1059 2683 1163 2719 enim
1186 2683 1292 2720 vobis
1321 2694 1399 2728 801,
1422 2690 1550 2721 vorant
1570 2685 1664 2721 sub-

901 2731 1077 2767 stantiam
1105 2735 1142 2767 et
1173 2731 1354 2776 animam,
1375 2736 1506 2768 vorant
1526 2730 1664 2768 mentis

900 2778 1046 2822 oculos,
1084 2784 1120 2814 et
1156 2783 1363 2816 excoecant.
1395 2779 1498 2815 Sicut
1533 2787 1665 2815 verum

901 2828 957 2861 est
994 2825 1040 2862 de
1070 2825 1263 2870 Samsone,
1294 2826 1392 2872 quod
1425 2825 1664 2862 occasionem

902 2870 1248 2909 blandimentorum
1289 2873 1483 2918 negligens
1496 2900 1506 2915 ‚
1543 2875 1580 2908 et
1621 2871 1665 2918 in

902 2918 989 2955 sinu
1005 2918 1289 2956 obdormiscens
1302 2930 1379 2955 suae
1394 2918 1537 2961 Dalilae,
1550 2918 1665 2955 variis

107 2964 228 3002 latens
246 2963 317 3001 sul>
335 2969 478 3011 septem
498 2963 571 3001 tuis
589 2963 774 3010 crinibus,
790 2963 867 3001 sive
899 2964 1058 3003 funibus
1075 2966 1286 3014 colligatur,
1308 2966 1432 3003 crines
1452 2965 1488 3002 ei
1507 2964 1667 3003 abscin-
