1826 3164
1608 117 1684 160 691

119 222 175 253 au
193 212 330 263 temps
349 206 472 261 qu'ils
489 220 519 261 y
532 205 756 260 -pensaient
774 205 813 246 le
832 205 984 246 moine.
1005 205 1113 248 C'est
1132 205 1258 247 d’eux
1282 205 1386 260 qu'il
1416 208 1480 246 est
1507 206 1600 247 vrai
1631 206 1687 248 de

119 274 211 316 dire
232 287 242 315 ε
269 290 289 311 α
309 274 448 315 Avant
466 284 548 326 que
564 283 638 312 vos
656 271 797 323 epines
818 274 1123 324 comprennent
1142 271 1181 312 le
1200 283 1414 324 nerprun;
1438 282 1601 312 comme
1619 270 1684 312 vi·

119 342 257 388 vants,
277 338 383 379 ainsi
402 337 433 378 il
450 337 510 378 les
529 336 754 376 absorbera
773 336 877 375 dans
897 349 942 376 sa
962 337 1113 377 colere.
1138 334 1228 389 (Ps.
1250 346 1349 384 nvn,
1382 335 1440 388 9.)
1473 350 1492 374 1)
1527 335 1581 376 Ge
1612 335 1687 389 qui

117 408 218 446 veut
237 403 342 455 dire,
364 402 525 455 d’apres
543 400 890 453 l'interpretation
910 400 961 440 de
981 402 1092 441 saint
1111 402 1279 442 Jerome
1301 414 1311 441 :
1339 402 1479 441 Avant
1505 413 1587 454 que
1612 412 1686 442 vos

115 469 261 522 epines
279 468 416 508 soient
434 477 667 519 parvenues
688 465 774 504 818
793 465 905 504 force
925 466 981 505 (18
1014 478 1216 518 nerprun,
1249 468 1275 506 a
1305 465 1348 506 la
1379 465 1525 506 durete
1557 469 1599 507 et
1629 478 1685 507 811

116 534 295 587 piquant
314 533 385 573 des
404 531 549 584 epines
568 530 641 583 qui
659 529 843 570 blessent
862 530 1147 581 eruellemeut‚
1163 543 1266 571 vous
1281 532 1366 571 etes
1380 531 1547 584 coupeS.
1562 530 1687 572 C’est-

116 598 275 639 8-11118;
297 600 424 638 avant
450 607 531 648 que
561 607 664 635 vous
695 607 795 647 ayez
827 607 883 647 pu
915 595 1141 647 accomplir
1172 600 1291 635 votre
1321 595 1471 636 maliee
1500 597 1542 636 et
1560 597 1681 637 votre

114 663 305 712 eruaute,
327 661 466 702 tandis
486 672 567 713 que
586 672 689 699 vous
708 660 812 699 etiez
833 671 982 700 encore
1001 672 1055 699 au
1077 659 1223 699 milieu
1252 660 1302 700 de
1335 672 1407 699 vos
1440 660 1604 710 crimes,
1639 660 1682 702 18

113 727 250 768 colere
270 727 321 767 de
341 726 446 767 Dieu
466 738 567 766 vous
586 738 612 765 a
631 725 840 776 absorbes,
864 737 1026 765 comme
1045 725 1247 765 autrefois
1267 725 1416 776 Chore,
1439 726 1605 766 Dathan
1639 727 1684 766 et

112 792 286 834 Abiron.

166 859 222 899 Ge
242 860 331 898 mot
353 868 363 896 :
390 871 410 895 (ι
429 856 463 896 11
481 868 573 896 sera
591 857 763 908 coupe‚»
787 855 961 907 indique
980 855 1093 895 aussi
1114 867 1195 908 que
1217 855 1257 895 la
1276 858 1389 895 mort
1409 868 1461 896 ne
1481 855 1573 896 leur
1593 868 1686 898 sera

113 935 187 976 pas
206 923 340 971 facile,
365 921 516 974 qu'elle
536 933 629 960 sera
648 921 890 960 tout-a-sait
908 920 1106 968 violente,
1131 923 1224 960 tout
1243 931 1405 960 comme
1432 924 1493 960 est
1525 921 1686 962 violent

112 987 338 1039 l'abattage
357 987 429 1027 des
447 986 718 1026 arbres.c‘est
736 986 777 1025 la
796 998 841 1024 cc
861 986 934 1038 qui
953 989 1015 1025 est
1036 986 1097 1024 dit
1116 985 1187 1026 des
1206 985 1354 1038 impies
1377 997 1415 1024 :u
1435 987 1510 1026 Les
1529 986 1680 1039 impias

112 1058 254 1093 seront
272 1051 513 1092 retranchc's
532 1050 582 1091 de
603 1050 643 1090 la
664 1054 788 1098 terre,
812 1051 869 1089 les
889 1063 1057 1102 pervers
1077 1063 1130 1090 en
1150 1053 1288 1090 serent
1306 1050 1562 1090 extermines
1577 1053 1600 1090 a
1616 1050 1683 1104 ja·

111 1117 231 1158 mais.
250 1116 391 1170 (Prov.
412 1127 460 1167 11,
480 1115 567 1168 22.)
591 1132 609 1152 n
630 1117 722 1157 Une
742 1119 861 1155 autre
883 1116 1045 1154 version
1066 1120 1183 1167 porte
1207 1130 1216 1155 :
1246 1130 1266 1154 (1
1291 1116 1351 1155 Eu
1385 1118 1526 1156 seront
1558 1128 1678 1156 arra.-

111 1183 207 1223 ches
227 1185 268 1223 et
286 1181 515 1222 deracines.
538 1196 557 1216 »
581 1181 639 1220 Eu
660 1180 772 1228 effet,
797 1181 847 1220 de
870 1182 1005 1220 meme
1026 1193 1106 1232 que
1126 1180 1293 1229 l’arhre,
1317 1180 1390 1232 qui
1410 1193 1435 1220 a
1454 1182 1604 1233 pousse
1625 1180 1679 1221 do

112 1247 337 1301 profondes
357 1246 529 1294 1881885,
554 1249 616 1286 est
642 1245 931 1285 difficilement
963 1245 1152 1294 arrache,
1190 1247 1215 1284 a
1246 1257 1367 1285 cause
1398 1245 1450 1285 de
1480 1245 1520 1286 la
1552 1246 1677 1285 resis-

58 1319 66 1324 ·
111 1316 232 1353 tance
252 1312 322 1352 des
342 1311 515 1360 recines,
540 1323 592 1350 ou
622 1315 722 1363 peut
753 1323 804 1350 eu
835 1310 923 1350 dire
955 1314 1102 1350 autaut
1133 1311 1205 1351 des
1237 1310 1470 1350 mechants.
1503 1310 1557 1350 Ils
1588 1312 1687 1351 sont

109 1377 305 1418 arraches
323 1379 366 1416 et
384 1376 600 1416 deracines
620 1387 719 1415 avec
740 1376 878 1427 peine,
900 1360 1002 1417 avec
1021 1375 1207 1416 violence
1227 1379 1269 1416 et
1289 1375 1452 1427 malgre
1485 1375 1579 1416 leur
1611 1377 1678 1416 re-

113 1442 306 1491 sistance,
328 1453 452 1494 parce
473 1440 596 1493 qu'ils
616 1443 784 1480 sentent
805 1441 931 1492 qu‘on
963 1441 1023 1480 les
1055 1441 1228 1480 arrache
1262 1453 1368 1493 pour
1398 1440 1458 1480 les
1484 1441 1594 1493 Jeter
1626 1452 1681 1483 au

115 1507 201 1549 feu.

165 1571 305 1619 Enfin,
329 1582 375 1611 ee
395 1573 483 1610 mot
507 1585 526 1608 «
547 1570 576 1610 il
597 1582 689 1610 sera
708 1571 839 1623 coupe
861 1585 879 1608 »
903 1570 1077 1622 designe
1097 1570 1139 1610 la
1159 1571 1282 1623 peine
1301 1570 1358 1611 du
1384 1571 1483 1610 dam
1514 1570 1587 1624 qui
1620 1573 1684 1612 est

109 1633 152 1677 la
172 1636 427 1689 separation,
449 1639 490 1675 et
508 1635 549 1675 la
568 1635 806 1688 separation
827 1635 1044 1686 eternelle‚
1066 1636 1116 1675 de
1136 1635 1258 1684 Dieu,
1279 1635 1335 1675 du
1356 1636 1493 1676 Christ
1511 1640 1554 1676 et
1572 1636 1624 1676 de
1642 1636 1687 1678 18

110 1701 360 1756 compagnie
380 1701 451 1741 des
470 1700 611 1750 saints,
634 1700 815 1752 laquelle
836 1701 1044 1752 privation
1066 1701 1116 1740 de
1141 1701 1183 1740 la
1214 1712 1294 1740 vue
1327 1701 1377 1740 de
1409 1700 1514 1741 Dieu
1546 1703 1609 1742 est
1642 1702 1686 1743 18

109 1766 203 1820 plus
223 1765 381 1819 grande
401 1765 451 1806 (18
472 1769 609 1805 tontes
628 1765 687 1805 les
707 1766 862 1818 peines,
885 1765 1000 1805 selon
1023 1766 1059 1804 le
1079 1765 1353 1817 temoignage
1374 1765 1423 1805 de
1444 1766 1556 1806 saint
1573 1766 1683 1808 Jean

109 1831 417 1883 chrysostome,
441 1830 581 1882 quand
601 1830 630 1870 11
650 1830 711 1870 dit
733 1843 771 1870 z«
792 1831 840 1870 Je
861 1831 942 1870 sais
962 1843 1043 1883 que
1064 1830 1270 1883 plusieurs
1289 1830 1515 1871 redoutent
1533 1830 1575 1872 la
1604 1832 1680 1885 ge·

111 1897 263 1944 henne,
287 1893 391 1934 mais
411 1894 496 1937 moi
510 1894 555 1946 je
576 1894 637 1934 (115
658 1906 738 1946 que
758 1894 798 1934 la
818 1901 933 1947 perte
954 1895 1004 1935 de
1025 1898 1131 1935 cette
1155 1895 1288 1946 gleire
1308 1897 1370 1935 est
1403 1908 1461 1936 un
1493 1895 1688 1949 supplice

435 119 634 159 5811111118
661 110 875 158 emmena
905 116 1031 158 ,11111115
1058 127 1110 158 u
1137 126 1384 160 rnurscora.

917 2028 953 2059 ta
997 2028 1052 2060 est
1090 2023 1267 2059 arborum
1304 2024 1458 2060 excisio.
1501 2024 1579 2060 Hoc
1626 2026 1686 2062 est

112 2030 199 2063 sunt
221 2024 282 2061 isti
303 2025 407 2071 quasi
433 2023 585 2060 arbores
617 2023 897 2066 inf1·uctuosae,'

916 2071 1015 2116 quod
1035 2071 1081 2106 de
1101 2071 1228 2116 impiis
1261 2070 1399 2107 dicitur
1421 2081 1431 2108 ;
1456 2086 1469 2103 α
1505 2072 1618 2118 Impii
1636 2071 1686 2110 de

112 2078 149 2110 et
169 2073 320 2120 quidem
357 2077 523 2118 tempore
554 2082 627 2116 quo
655 2070 813 2106 minime
842 2071 876 2106 id

111 2119 418 2168 praeeogitabant.
454 2119 505 2155 De
542 2118 620 2155 illis
659 2129 785 2155 verum
822 2123 875 2154 851

110 2169 205 2205 illud
242 2178 249 2203 :
288 2180 302 2199 α
350 2167 571 2212 Priusquam
621 2166 876 2210 intelligerent

112 2216 232 2263 spinae
251 2219 382 2251 vestrae
402 2214 621 2254 1118188818,
635 2214 731 2249 51881
754 2214 875 2249 viven-

113 2268 183 2308 tes,
218 2262 273 2299 sic
304 2262 344 2298 iu
378 2262 431 2298 ira
464 2260 639 2297 absorbet
674 2271 752 2303 eos,
783 2275 796 2291 ι»
839 2271 874 2305 q.

112 2311 150 2348 d.
178 2310 388 2347 seeundum
404 2308 755 2354 interpretationem
772 2318 877 2343 sanc-

113 2358 141 2395 ti
179 2358 399 2402 Hieronymi
438 2367 445 2392 :
488 2356 709 2402 Priusquam
758 2356 878 2401 spinae

112 2409 243 2442 vestrae
273 2408 483 2440 crescerent
519 2404 562 2440 111
599 2403 819 2446 1118188818,
840 2407 876 2438 et

113 2451 352 2498 pervenirent
377 2451 423 2486 ad
458 2450 633 2487 duritiem
653 2455 688 2487 et
715 2460 876 2486 acumen

112 2510 131 2535 s
159 2499 308 2535 inarum
345 2497 502 2543 graviter
551 2497 791 2540 laedentium,
813 2508 877 2533 vos

115 2557 138 2583 a
166 2545 254 2583 cissi
302 2545 403 2582 estis.
447 2545 522 2580 Hoc
559 2549 627 2591 est,
674 2550 875 2591 antequam

141 2593 272 2630 essetis
297 2591 454 2638 implere
474 2591 657 2628 malitiam
681 2596 718 2628 et
747 2593 875 2628 crude-

114 2604 259 2678 litatem
279 2643 452 2684 vestram,
482 2647 570 2674 eum
594 2638 718 2675 adhuc
748 2640 877 2676 essetis

114 2688 158 2725 in
182 2686 317 2724 mediis
347 2684 565 2730 sceleribus,
586 2684 781 2722 absorbuit
812 2697 876 2723 vos

116 2735 174 2771 ira
194 2734 273 2779 Dei,
289 2733 387 2770 sicut
404 2733 496 2768 olim
515 2733 649 2778 Chore,
665 2733 826 2777 Dathan‚
841 2739 876 2770 et

116 2781 270 2818 Abiron.
291 2779 530 2826 Siguiticatur
549 2779 661 2816 etiam
680 2789 745 2825 per
779 2780 877 2817 hanc

115 2838 248 2866 vocem
270 2838 279 2864 :
301 2827 542 2871 Excindetur,
582 2836 661 2862 non
699 2826 777 2862 fore
824 2828 877 2863 eis

120 2880 280 2912 mortem
304 2874 469 2916 facilem,
503 2873 567 2910 sed
593 2873 706 2918 plane
738 2873 877 2910 violeu-

118 2927 208 2968 tam,
244 2921 561 2969 quemadmodum
585 2920 700 2957 etiam
730 2920 877 2958 violen-

917 2123 1013 2154 terra
1052 2118 1255 2163 perdentur
1294 2123 1329 2154 et
1377 2119 1595 2155 auferentur
1636 2129 1687 2156 ex

915 2176 971 2201 ea.
999 2180 1011 2197 »
1036 2166 1116 2201 Alia
1139 2166 1248 2202 lectio
1266 2165 1375 2201 babet
1398 2177 1406 2201 :
1433 2181 1446 2198 α
1466 2166 1684 2204 Evellentm·

916 2218 949 2249 et
976 2212 1268 2249 eradicabuntur
1305 2212 1352 2248 ab
1389 2223 1445 2249 ea.
1489 2228 1503 2244 υ
1537 2213 1684 2261 Nempe

916 2260 1013 2296 sicut
1033 2260 1146 2296 arbos
1177 2270 1261 2306 quae
1288 2260 1383 2296 altas
1408 2261 1483 2306 egit
1521 2262 1682 2307 radices,

917 2307 1072 2344 difficile
1093 2308 1285 2344 revellitur
1309 2307 1559 2344 renitentibus
1588 2308 1684 2346 radi-

917 2355 1039 2399 cibus,
1060 2355 1161 2391 idem
1183 2365 1312 2391 verum
1332 2359 1388 2391 est
1407 2355 1454 2392 de
1484 2355 1681 2402 improbis.

918 2403 1045 2447 Plane,
1059 2403 1243 2439 violenter
1256 2407 1291 2439 et
1313 2401 1429 2439 invite
1449 2403 1683 2441 exsciudun-

916 2455 977 2486 tur
997 2454 1032 2485 et
1058 2450 1303 2494 divelluntur,
1331 2450 1418 2496 quia
1454 2451 1623 2487 sentiunt
1641 2461 1683 2488 se

916 2496 1045 2534 revelli
1063 2497 1108 2533 ad
1130 2497 1271 2542 ignem.
1305 2497 1464 2534 Ulterius
1489 2508 1555 2544 per
1575 2498 1683 2535 illam

916 2554 1060 2588 vocem,
1079 2545 1322 2590 Excindetur‚
1333 2544 1549 2599 designatur
1568 2556 1682 2592 poena

914 2592 1046 2628 damni
1073 2602 1156 2638 quae
1194 2596 1248 2628 est
1275 2597 1458 2638 separatio
1477 2603 1499 2628 a
1530 2593 1605 2629 Deo
1643 2598 1680 2629 et

915 2639 1077 2682 Christo,
1099 2644 1134 2675 et
1162 2650 1184 2675 a
1221 2639 1443 2676 Sanctorum
1472 2639 1676 2684 consortio,

914 2687 1027 2732 idque
1051 2687 1092 2722 in
1130 2690 1312 2722 aeternum
1354 2697 1363 2722 :
1403 2697 1486 2733 quae
1524 2687 1677 2732 quidem

914 2734 1071 2780 privatio
1104 2733 1260 2770 visionis
1292 2733 1430 2770 divinae
1466 2735 1585 2779 major
1621 2736 1678 2770 est

914 2781 1092 2817 omnibus
1111 2781 1249 2827 poenis,
1270 2786 1363 2818 teste
1396 2785 1526 2817 sancto
1564 2779 1677 2827 Chry-

915 2833 1095 2872 sostomo,
1133 2828 1193 2864 24.
1233 2828 1381 2871 Manu„
1417 2827 1483 2864 ubi
1531 2826 1625 2863 dicit
1662 2836 1675 2864 ε

918 2889 932 2907 ι
956 2875 1052 2913 Novi
1090 2875 1178 2921 quia
1219 2875 1375 2921 plurimi
1409 2874 1679 2920 pertimescant

914 2922 1144 2969 gehennam,
1164 2933 1233 2969 ego
1262 2926 1390 2959 tamen
1414 2921 1518 2958 illius
1541 2920 1674 2968 gloriae
