1826 3164
22 0 110 32 mm*

122 3036 125 3040 .
147 2984 262 3022 hiem.

447 183 647 223 samnius
674 191 886 222 nnuucnn
913 181 1041 222 1161115
1069 187 1120 221 u
1147 188 1397 221 rau-racone-
1629 172 1706 219 6⁶1

139 271 277 312 drees.
299 269 511 312 L’avarice
529 280 573 310 se
591 267 814 309 manifeste
846 267 958 308 aussi
987 267 1088 309 chez
1118 279 1216 318 eux,
1237 278 1361 320 parce
1392 277 1474 319 que
1503 264 1711 318 plusieurs

142 335 394 389 enseignent
411 346 458 375 66
477 333 579 387 qu'il
599 345 652 374 ne
671 333 764 373 faut
783 344 857 385 pas
876 333 1103 386 enseigner
1131 333 1235 373 dans
1271 330 1438 384 l'espoir
1469 331 1568 370 d’un
1595 331 1711 371 lucre

142 400 352 451 honteux,
372 409 533 440 comme
562 397 678 451 parle
707 397 907 450 l'ApOtre.
940 398 1000 438 La
1030 398 1180 438 luxure
1210 409 1237 437 a
1264 395 1436 437 conduit
1465 395 1508 436 la
1542 395 1712 448 plupart

145 464 310 506 d'entre
325 476 409 505 eux
429 465 454 503 ὲ
473 462 662 503 1’1161·6516
682 474 737 503 06
756 462 817 502 165
835 475 863 515 y
882 462 1121 502 meintient.
1143 462 1198 502 Iis
1225 461 1344 502 n‘ont
1374 461 1510 514 quitte
1542 459 1712 511 I'Eglise

141 533 188 572 et
200 530 252 570 115
265 530 336 582 n'y
354 531 545 569 rentrent
563 540 651 581 pas,
674 539 756 581 que
775 539 898 580 parce
919 526 1042 580 qu'ils
1063 530 1138 566 ont
1157 528 1371 567 contracte
1389 526 1462 566 des
1480 525 1634 565 661065
1651 524 1714 564 in·

142 597 389 642 6651666565,
414 592 536 646 qu’ils
555 605 606 633 ne
626 595 810 645 peuvent
828 592 988 632 laisser.
1009 593 1120 632 Leur
1137 591 1268 643 esprit
1287 591 1338 631 de
1358 590 1655 643 denigrement
1668 600 1712 628 se

142 659 363 700 manifeste
395 670 448 698 en
480 670 526 698 ce
555 657 677 710 qu’ils
707 657 983 710 poursuivent.
1002 656 1199 696 d’odieux
1224 668 1453 696 sercasmes
1483 659 1578 695 tous
1606 665 1714 695 ceux

140 725 215 778 qui
238 735 289 764 66
309 724 474 764 suivent
494 736 567 776 pas
581 724 672 764 leur
684 722 1017 775 doctrine,quels
1037 733 1118 774 que
1137 721 1274 761 501661.
1293 720 1385 763 leur
1404 720 1534 772 grado
1553 732 1609 760 ou
1620 718 1716 760 leur

145 789 326 842 dignite.

165 867 180 874 ”
197 854 337 903 Rasin,
373 854 464 894 leur
495 853 623 893 seinte
643 853 829 893 douceur
858 852 1090 892 s’evanouit
1118 851 1204 892 vite
1223 854 1266 892 et.
1284 863 1328 892 se
1348 853 1496 890 tourne
1517 852 1711 890 ouverte-

142 923 261 960 ment
280 931 332 959 en
353 921 542 967 cruente,
564 918 605 959 le
625 921 681 958 06
704 919 753 958 ils
773 922 865 958 sont
896 918 955 958 les
988 917 1175 957 maitres.
1199 916 1334 966 Alors,
1356 915 1407 956 ils
1440 915 1643 967 deposeat
1673 914 1714 954 la

139 988 248 1038 pean
268 985 319 1024 de
346 984 484 1024 brebis
504 986 546 1024 et
565 987 780 1023 montrent
798 983 839 1022 la
860 995 963 1035 rege
985 983 1040 1021 du
1062 983 1175 1034 loup.

198 1049 408 1090 llunivers
427 1049 563 1089 entier
583 1048 638 1088 l’a
656 1061 712 1088 vu
739 1060 844 1101 pour
875 1048 934 1088 165
964 1047 1215 1088 Lutheriens
1235 1051 1276 1087 et
1294 1046 1355 1087 les
1373 1044 1639 1087 calvinistes.
1659 1043 1713 1084 Ils

141 1114 340 1154 viennent
361 1114 534 1154 d'abord
562 1117 752 1154 couverts
772 1113 823 1153 de
843 1113 884 1153 la
910 1125 1017 1165 peau
1039 1114 1110 1153 des
1130 1112 1283 1162 brebis,
1305 1123 1429 1165 parce
1449 1110 1571 1163 qu’ils
1602 1121 1712 1150 sem·

141 1179 303 1220 blaient
331 1179 491 1219 n'avoir
522 1181 546 1219 a
578 1179 619 1219 lo.
649 1178 812 1218 bouohe
838 1191 918 1231 que
951 1179 989 1219 16
1022 1191 1101 1230 pur
1121 1178 1231 1218 culte
1266 1178 1317 1217 de
1349 1177 1469 1226 Dieu,
1491 1176 1530 1216 le
1559 1187 1640 1228 pur
1671 1178 1714 1215 et

142 1244 292 1297 simple
311 1244 646 1285 retablissement
664 1244 714 1284 de
733 1243 981 1295 l'Evangile,
1004 1243 1042 1283 le
1062 1243 1214 1289 Christ,
1238 1242 1275 1282 16
1295 1242 1420 1282 salut.
1443 1241 1497 1282 115
1517 1238 1714 1280 faisai‘ent

140 1308 374 1362 profession
408 1308 459 1348 de
490 1321 544 1348 ne
576 1308 776 1349 chercher
795 1321 876 1361 que
907 1308 967 1348 les
998 1308 1170 1348 16161615
1191 1308 1242 1348 (16
1262 1308 1367 1347 Dieu
1400 1310 1443 1347 et.
1475 1317 1559 1345 non
1594 1303 1713 1357 point

139 1373 253 1415 leurs
273 1374 446 1414 interets
465 1386 654 1426 propres,
677 1374 727 1414 (16
761 1377 853 1413 tout
884 1374 1089 1426 depenser
1110 1386 1164 1413 au
1185 1373 1340 1413 service
1375 1372 1426 1412 de
1457 1371 1576 1418 Dieu‚
1598 1369 1649 1410 de
1669 1381 1713 1410 56

141 1442 333 1479 montrer
351 1438 410 1478 les
445 1439 574 1490 sujets
606 1438 900 1479 tres-humbles
931 1439 1003 1479 des
1033 1439 1210 1492 princeS,
1232 1438 1284 1478 de
1314 1437 1533 1490 n'espircr,
1554 1447 1654 1475 avec
1672 1434 1712 1475 le

142 1504 255 1543 culte
274 1503 404 1552 divin,
429 1504 525 1556 qu'a
544 1503 585 1543 la
615 1504 860 1556 prosperite,
884 1506 908 1543 a
929 1504 970 1544 la
1001 1504 1115 1557 paix,
1138 1506 1163 1543 a
1182 1504 1343 1543 l'union
1363 1503 1414 1542 de
1434 1501 1573 1542 l'sstat.
1597 1500 1710 1550 Puis,

141 1569 264 1621 apres
283 1569 400 1608 avoir
420 1569 576 1608 fascine
608 1569 667 1609 les
697 1581 810 1621 yeux
829 1572 871 1608 et
890 1569 1083 1608 endormi
1111 1569 1170 1608 165
1191 1568 1357 1608 oreilles
1388 1567 1444 1606 du
1474 1565 1710 1619 populaire,

140 1637 184 1674 et
204 1634 341 1674 meme
362 1634 434 1673 des
452 1634 618 1686 princes
649 1646 730 1687 peu
763 1634 911 1683 6111565,
933 1646 1032 1674 avec
1052 1637 1158 1674 cette
1178 1646 1285 1686 peau
1317 1634 1369 1673 de
1399 1632 1550 1681 brebis,
1573 1631 1626 1671 115
1643 1630 1711 1671 fu-

141 1702 237 1739 rent
257 1698 409 1738 toleres
429 1699 617 1752 pendant
643 1699 824 1751 quelque
856 1705 1005 1752 temps.
1029 1699 1146 1748 Mais,
1168 1700 1239 1740 des
1258 1698 1381 1752 qu'ils
1412 1710 1455 1738 se
1483 1697 1622 1737 virent.
1651 1707 1712 1736 un

140 1763 237 1816 pied
257 1763 361 1804 dans
382 1764 418 1803 le
440 1764 595 1804 bercail
616 1764 671 1804 du
694 1764 845 1813 Christ,
868 1764 918 1803 ils
938 1765 1172 1817 quitlerent.
1190 1764 1229 1804 16
1249 1775 1422 1816 masque
1441 1762 1544 1802 dont
1562 1762 1613 1801 115
1632 1760 1711 1801 s’e-

139 1828 276 1869 taient
295 1829 485 1877 affuliles,
505 1829 689 1880 jeterent.
709 1829 748 1868 la
776 1841 884 1882 peau
916 1830 967 1869 de
1001 1829 1155 1880 brebis,
1176 1832 1219 1870 et.
1237 1830 1463 1869 voulurent
1493 1827 1603 1879 agir,
1624 1838 1711 1866 606

139 1993 234 2030 locis
271 1997 358 2030 sunt
396 1993 571 2038 haereses,
593 1994 657 2030 sed
689 2004 764 2031 una
786 1999 902 2031 mater
988 1994 1130 2032 Notum
1152 1995 1187 2030 id
1209 1994 1278 2030 fuit
1298 1999 1375 2030 toto
1395 1993 1478 2030 orbi
1499 1993 1539 2030 in
1569 1992 1709 2029 [61116-

137 2040 314 2088 superbia
350 2051 483 2078 omnes
520 2042 661 2088 genuit.
700 2057 713 2074 ι»
743 2042 903 2078 Avaritia
942 2042 1044 2078 ranis
1063 2046 1098 2078 et
1119 2042 1344 2085 Calvinistis,
1380 2041 1445 2087 qui
1479 2041 1601 2086 primo
1631 2040 1711 2086 qui-

140 2098 288 2135 quoque
320 2099 358 2124 sc
395 2089 436 2125 16
474 2089 528 2125 615
566 2088 795 2134 manifestat,
817 2089 903 2135 quia
941 2089 1027 2125 dem
1047 2093 1228 2125 venerunt
1250 2089 1289 2125 in
1315 2088 1547 2124 vestimentis
1561 2087 1709 2131 ovium;

138 2135 251 2172 multi
290 2136 387 2172 inter
421 2147 485 2172 605
523 2136 659 2172 docent
697 2147 781 2183 quae
825 2147 903 2173 non
942 2137 1029 2182 quia
1054 2136 1152 2172 nihil
1183 2135 1285 2172 aliud
1319 2136 1358 2171 in
1391 2146 1455 2172 ore
1486 2134 1710 2172 videbantur

139 2187 286 2230 oportet
306 2183 424 2230 turpis
444 2183 538 2220 lucri
567 2184 698 2230 gratia,
721 2189 759 2220 ut
781 2184 904 2230 loqui·
945 2183 1081 2220 habere
1121 2194 1233 2230 quam
1274 2193 1410 2229 purum
1447 2183 1511 2219 Dei
1548 2182 1709 2226 cultum,

138 2235 199 2267 tur
228 2230 438 2276 Apostolus.
464 2231 591 2268 Libido
620 2236 732 2267 etiam
767 2231 905 2277 pleros·
943 2241 1072 2277 puram
1107 2237 1141 2267 ct
1174 2242 1317 2267 meram
1341 2231 1534 2276 Evangelii
1556 2230 1710 2266 restitu-

140 2288 213 2325 que
231 2288 361 2315 eorum
383 2278 437 2315 vel
471 2279 620 2315 induxit
651 2279 696 2315 ad
732 2279 904 2315 haeresim
944 2280 1099 2323 tionem,
1123 2279 1247 2325 ipsum
1268 2278 1471 2323 Christum,
1494 2279 1614 2324 ipsam
1647 2287 1712 2313 sa-

138 2325 199 2362 vel
219 2326 259 2362 in
277 2336 320 2362 66
338 2336 402 2362 605
421 2326 534 2370 fovet,
550 2326 634 2363 ideo
650 2327 753 2363 enim
772 2327 818 2362 ab
840 2327 904 2363 Ec·
944 2327 1073 2362 161616.
1100 2326 1373 2362 Profitcbanlur
1394 2336 1432 2362 56
1452 2337 1530 2362 606
1551 2335 1619 2361 sua
1645 2324 1712 2361 sed

141 2372 258 2410 elesia
288 2374 545 2417 desciverunt,
571 2374 617 2410 ad
650 2384 732 2410 eum
765 2374 904 2410 idcirco
943 2385 1026 2420 quae
1048 2375 1113 2410 Dei
1132 2379 1258 2410 essent
1284 2383 1465 2419 quaerere,
1486 2373 1615 2409 omnia
1643 2381 1712 2419 pro

140 2429 221 2456 non
241 2426 489 2463 revertuntur.
511 2422 609 2468 quod
629 2422 819 2458 connubia
840 2423 902 2458 in-
943 2422 1088 2458 Christo
1109 2421 1334 2467 expendero,
1352 2421 1586 2457 humillimos
1608 2419 1714 2456 Prin-

142 2467 902 2521 oestainterserint,necpossintdeserere.
943 2470 1071 2516 cipum
1110 2469 1298 2515 subjectos
1337 2479 1437 2511 6556;
1477 2468 1575 2505 611111
1608 2467 1713 2503 aliud

141 2513 258 2567 81661,
277 2514 540 2551 maledicentia
571 2526 652 2552 sese
676 2517 779 2554 illico
800 2522 904 2563 pate·
944 2517 1084 2563 spirare
1105 2526 1217 2562 quain
1238 2526 1324 2552 cum
1346 2516 1448 2552 cultu
1470 2516 1600 2552 divino
1632 2514 1712 2551 Rei-

141 2561 246 2604 saclt‚
273 2562 362 2598 dum
391 2572 455 2598 605
480 2563 545 2608 qui
575 2563 743 2609 ipsorum
763 2565 905 2601 doctri-
945 2564 1106 2610 publicae
1153 2564 1368 2606 candorem,
1418 2574 1567 2611 pacem,
1607 2563 1715 2599 unio-

140 2617 232 2645 nam
253 2619 330 2644 uon
350 2614 554 2654 scetantur,
584 2611 690 2647 miris
724 2612 906 2648 conviciis
945 2622 1050 2648 nem.

140 2654 664 2710 insectanturssuJuscumque
677 2660 814 2704 gradus
830 2660 907 2695 sint
994 2660 1162 2703 Cumque
1184 2658 1253 2694 hac
1273 2658 1401 2694 ovium
1422 2657 1519 2704 pellc
1540 2666 1618 2692 non
1650 2666 1714 2691 so-

144 2707 212 2739 aut
231 2702 437 2748 dignitatis.
925 2704 1027 2742 'lum
1066 2705 1316 2752 plebeiorum,
1338 2706 1402 2742 sed
1442 2706 1555 2741 etiam
1587 2703 1715 2739 minus

193 2750 360 2796 Denique
379 2760 509 2787 eorum
542 2749 627 2787 ficta
661 2753 908 2789 mansuetudo
947 2759 1145 2798 cautorum
1184 2754 1402 2800 Principum
1441 2751 1570 2788 oculos
1609 2750 1716 2786 fasci-

144 2806 233 2833 mox
271 2798 474 2841 evanescit,
507 2802 543 2834 et
573 2798 614 2834 in
650 2799 910 2837 crudelitatem
949 2805 1118 2846 nassent,
1140 2805 1171 2836 61
1194 2811 1303 2837 aures
1323 2800 1586 2840 delinuissent,
1618 2806 1716 2843 quo-

143 2848 313 2890 apertam
343 2845 512 2888 vertitur,
533 2844 599 2881 ubi
630 2856 755 2882 rerum
785 2847 910 2884 domi·
948 2849 1035 2884 dam
1069 2853 1236 2894 tempore
1271 2848 1415 2884 tolerati
1445 2850 1544 2881 sunt.
1579 2843 1622 2879 At
1656 2854 1716 2880 ve-

145 2895 297 2928 nantur.
322 2891 521 2938 Deponunt
541 2896 633 2929 tunc
652 2893 803 2929 ovinam
828 2895 909 2941 pel·
948 2907 989 2932 ro
1012 2896 1076 2932 ubi
1097 2895 1169 2932 sibi
1190 2896 1230 2931 in
1250 2895 1398 2931 caulam
1419 2893 1555 2929 Christi
1582 2891 1718 2938 pedem

146 2938 243 2982 lem,
296 2943 332 2975 et
386 2939 556 2986 lupinam
608 2944 799 2977 ostentant.
848 2952 910 2978 ra·
948 2943 1119 2979 oblatum
1152 2943 1338 2985 viderunt,
1360 2940 1484 2976 statim
1519 2949 1719 2985 personam

950 3000 1063 3036 quam
1089 2990 1328 3033 simularant,
1355 2991 1556 3032 exuerunt,
1577 2986 1722 3024 larvam
