1826 3164
425 208 643 251 molemus
669 220 886 257 Μυκη
913 221 1041 263 Aruns
1068 233 1119 265 u
1149 237 1399 275 πωπω-τε.
1615 247 1696 288 m

117 289 234 337 rant,
255 288 314 332 les
331 291 548 346 &chii-ant,
569 296 629 339 les
646 300 834 344 excitant
851 306 877 346 a
894 309 1022 350 soi-tir

115 351 246 404 qu'ils
271 359 366 396 sont
395 359 563 402 eveilles
594 366 636 403 et
666 367 837 411 veulent
868 383 911 412 se
942 373 1033 417 leve

117 418 392 461 merveilleux
410 434 573 476 amour,
596 441 700 469 vous
718 431 778 472 ies
797 437 1033 490 conduisez‚

110 479 307 524 <innuant
324 496 424 527 avec
442 500 592 532 amour
613 493 704 535 leur
733 499 894 550 pardon
927 508 970 544 et
1002 519 1086 548 une
1117 513 1430 561 reconciliation
1461 528 1681 580 complete.

113 544 231 586 Voile
251 553 458 603 pourquoi
474 553 551 607 J’ai
574 559 651 599 mis
672 564 787 603 toute
809 577 906 607 mou
927 573 1151 623 esperance
1172 578 1277 619 dans
1297 588 1415 625 votre
1435 592 1593 642 parole,
1603 594 1681 646 j'ai

107 608 254 661 ajout&
273 617 498 666 esperance
519 633 593 662 sur
610 628 851 680 esperance,
873 644 942 674 me
972 639 1156 681 confiant
1186 655 1237 684 en
1273 659 1374 689 vous
1405 658 1447 692 et
1479 667 1530 696 en
1562 662 1682 702 ναίω

101 674 251 726 ‘parole
269 690 377 730 pour
397 694 466 723 ma
496 686 558 726 vie
579 691 756 743 enuere,
780 698 835 745 et,
857 697 954 740 bien
977 714 1058 754 que
1077 705 1123 757 je
1143 710 1284 752 tombe
1316 716 1617 775 tres-suavem,
1634 726 1680 780 Je

104 749 158 778 ne
177 751 244 780 me
264 742 482 799 desespere
502 752 634 803 point,
658 768 781 808 parce
801 774 883 814 que
904 777 1006 806 vous
1026 781 1078 809 ne
1101 783 1203 813 vous
1236 777 1391 821 decour

47 775 69 842 ,δ’
95 806 146 843 οἱ
164 816 245 858 que
266 819 367 850 vous
387 812 566 867 daignez
587 824 774 864 recevoir
795 828 985 880 toujours
1006 834 1044 875 le
1065 838 1264 890 pecheur,
1289 846 1355 885 me

56 877 58 881 ·
98 866 244 910 chates
271 879 364 915 sont
396 877 655 933 frequente&
693 889 918 942 Seigneur‚
945 912 963 933 «
998 909 1271 948 recevez-moi
1306 926 1325 945 υ

52 939 73 981 ς’
93 934 290 985 Ρόοὶιοιιν,
317 955 338 976 «
358 942 471 984 selon
493 951 611 989 votre
634 954 791 1006 parole,
816 962 858 997 et
878 960 1105 1006 saites-moi
1129 970 1258 1021 vivre,
1282 980 1323 1015 et

51 1021 59 1063 '·
78 1028 79 1031 η
93 1009 168 1051 pas
187 1013 268 1054 que
284 1004 327 1054 Jc
349 1008 430 1047 sois
451 1012 664 1055 confondu
688 1018 793 1060 dans
824 1034 922 1065 mon
956 1032 1115 1072 attente

32 1062 63 1102 ’.ἒ
83 1074 175 1116 que
202 1071 315 1108 votre
336 1072 602 1119 misericorde
622 1087 684 1121 est
705 1084 944 1131 abundante
964 1092 1050 1146 (Ps.
1071 1107 1209 1151 cxxix,
1232 1105 1287 1158 7.)
1311 1124 1331 1142 υ
1356 1121 1517 1153 comme
1551 1121 1667 1162 votre

30 1108 64 1178 ᾗ
89 1134 366 1184 compassion.
391 1139 504 1180 Vous
537 1144 624 1184 etes
656 1147 694 1187 le
729 1151 832 1192 Dieu
866 1155 938 1196 des
970 1161 1176 1211 pecheurs
1207 1173 1256 1220 ps*
1295 1171 1302 1178 '

1051 312 1103 354 de
1135 314 1246 358 leurs
1271 321 1443 375 peches;
1466 339 1561 380 que,
1584 331 1691 376 lors-

1035 390 1070 427 r,
1093 391 1195 421 vous
1226 383 1285 425 les
1315 399 1486 433 recevez
1503 406 1604 438 avoc
1632 412 1688 442 un

1056 456 1159 485 vous
1179 446 1239 488 les
1252 451 1500 507 embrassez,
1521 472 1574 502 en
1595 463 1688 506 leur

1392 795 1496 834 agez
1523 788 1678 839 Jamaia

1358 859 1426 888 me
1447 855 1590 903 quand
1611 869 1676 899 ses

1361 913 1481 965 donc,
1515 930 1674 971 pauvre

1356 990 1409 1018 ne
1442 990 1671 1033 permettez

1131 1034 1215 1087 (Ps.
1241 1049 1382 1091 va111‚
1407 1046 1516 1101 116.)
1543 1063 1670 1104 parce

731 1543 854 1585 festia
876 1552 1067 1593 materie}
1089 1558 1160 1608 qui
1182 1559 1239 1600 lui
1260 1575 1285 1602 a
1305 1566 1370 1606 ete
1390 1578 1569 1614 souvent
1582 1578 1651 1619 ete

720 1611 941 1654 ermission
976 1620 1016 1656 et
1050 1632 1124 1661 son
1158 1634 1490 1676 consentement.
1512 1640 1647 1694 Ainsi,

13 1520 59 1664 β,
78 1519 183 1571 qu’il
202 1534 228 1562 a
247 1526 375 1567 voulu
394 1528 555 1582 figurer
574 1547 650 1586 par
669 1539 707 1579 le

4 1623 217 1878 guanti
237 1653 266 1694 il
286 1657 477 1702 ordonna
497 1666 522 1704 a
542 1666 746 1711 Matthieu
767 1674 817 1714 de
850 1676 888 1717 le
921 1682 1073 1731 suis-re,
1098 1687 1303 1734 Matthieu
1336 1696 1396 1738 lui
1428 1704 1555 1745 servit
1586 1719 1646 1750 un

0 1755 1 1761 ¹
65 1711 212 1768 sentin,
234 1719 338 1762 dont
356 1725 467 1767 saint
484 1731 704 1775 Ambroise

38 1807 54 1831 Ι.
101 1779 293 1834 eigneur,
317 1787 346 1827 it
367 1789 423 1829 lui
445 1797 636 1844 presente
658 1814 715 1841 un
735 1804 860 1846 festin
882 1809 933 1850 de
955 1824 1061 1864 gran

1133 2388 1169 2414 m
1190 2381 1223 2417 ei
1244 2386 1500 2429 gratissimum
1520 2406 1622 2441 proe-

854 2425 1032 2461 pararunt
1079 2431 1268 2466 eccatoros
1302 2433 1342 2470 in
1374 2443 1622 2483 conversione

852 2472 933 2506 sua,
979 2434 1134 2514 epufum
1183 2479 1358 2522 equidem
1409 2487 1619 2540 spirituale,

850 2512 945 2555 quod
981 2519 1106 2555 tamen
1141 2523 1360 2566 adumbrari
1392 2534 1618 2577 votuitcor-

848 2560 967 2602 porali
999 2566 1111 2610 epulo
1144 2570 1214 2607 sibi
1248 2584 1347 2621 saepe
1372 2584 1558 2625 permissu
1579 2594 1615 2626 et

846 2613 995 2646 annutu
1016 2611 1213 2658 ipsiusmet
1233 2621 1281 2658 ab
1301 2625 1443 2666 eisdem
1470 2642 1612 2682 praepa-

846 2658 938 2690 rato.
959 2656 1020 2695 Sic
1042 2660 1103 2698 ubi
1126 2664 1344 2709 Matthaeum
1359 2685 1399 2711 se
1412 2680 1517 2725 sequi
1533 2682 1613 2728 jus-

19 2387 144 2422 noum
162 2397 290 2427 amore
321 2393 375 2430 eis
405 2397 632 2441 exhibendo.
655 2406 742 2445 Ideo
775 2410 814 2447 in

100 2430 209 2471 rhum
247 2441 352 2476 tuum
387 2453 658 2499 supersperavi,
691 2456 813 2503 adjeci

0 2480 42 2519 νβ
51 2485 202 2525 semper
217 2487 392 2528 quamdiu
407 2492 507 2538 spiro
520 2497 565 2533 ad
581 2505 810 2545 sperandum

0 2521 18 2570 ξ·
49 2522 147 2562 inte
166 2531 201 2564 et
221 2529 260 2566 in
279 2534 391 2572 verbo
423 2542 506 2585 tuo;
528 2547 564 2579 et
594 2546 681 2585 ticet
711 2562 810 2599 saepe

0 2572 7 2597 ··
47 2571 188 2624 saepius
217 2578 365 2626 cadam,
387 2587 512 2624 tamen
532 2601 610 2629 non
635 2595 806 2647 despero,

2 2622 14 2630 ’·
35 2626 137 2664 »quia
174 2625 213 2658 tu
253 2634 328 2663 non
364 2628 522 2681 fastidis,
543 2640 608 2676 sed
639 2643 807 2690 dignaris

43 2665 215 2712 recipere
230 2679 465 2716 peccatorem
485 2683 598 2722 etiam
625 2688 804 2738 frequen·
843 2700 906 2741 sit,
920 2701 1098 2744 instruxit
1113 2711 1146 2747 ei
1158 2717 1371 2758 convivium
1395 2723 1607 2777 Matthaeus,

34 2713 103 2750 ‘ter
119 2715 329 2757 cadentem.
351 2722 505 2774 Suscipe
523 2740 611 2779 ergo
631 2746 704 2781 me,
729 2741 804 2778 Do-
841 2747 888 2784 de
922 2761 995 2796 quo
1025 2763 1178 2796 sanctus
1212 2764 1445 2818 Ambrosius,
1466 2774 1493 2811 l.
1514 2787 1539 2814 v
1567 2779 1608 2815 in

42 2758 161 2807 mine,
200 2771 435 2810 peccatorem
468 2781 676 2820 seeundum
720 2788 802 2826 elo·
842 2794 1004 2836 Lucam:

41 2806 173 2851 quium
199 2816 319 2860 tuum,
340 2822 376 2854 et
397 2819 531 2870 vivam,
552 2831 590 2863 et
608 2839 686 2868 nou
706 2844 802 2874 con·
890 2858 904 2875 ι
928 2845 1020 2885 Toto
1040 2857 1124 2896 post
1146 2855 1349 2899 Dominum
1371 2868 1524 2914 vestigio
1544 2870 1602 2908 in-

5 2895 10 2902 *
38 2851 176 2907 fundas
213 2869 274 2913 me
310 2863 357 2899 ab
394 2874 653 2914 expectatione
701 2890 797 2927 mea,
837 2891 951 2936 cedit,
972 2900 1135 2937 convivii
1161 2914 1307 2953 quoque
1338 2915 1465 2959 magni
1498 2917 1602 2955 exhi·

0 2914 14 2936 ,,-
37 2907 128 2945 quia
146 2913 298 2951 copiosa
315 2921 338 2947 a
366 2913 415 2950 ud
448 2920 482 2953 te
512 2925 567 2956 est
592 2924 798 2974 redemptio
838 2934 897 2974 bet
914 2950 1149 2988 apparatum.
1173 2952 1243 2995 Qui
1276 2957 1379 2994 enim
1404 2960 1599 3003 domicilio

15 2951 74 2984 „et
92 2952 319 2998 propitiatio.
338 2922 396 2997 1}ss
416 2971 463 3017 es·
488 2964 586 3020 Deus
612 2974 798 3029 poeniten-
834 2982 1024 3027 Christum
1062 2998 1195 3043 recipit
1226 3001 1391 3048 interno,
1422 3010 1598 3050 maximis

94 3005 148 3041 m,
169 3003 206 3037 et
223 3014 237 3034 ι
259 3013 337 3042 non
357 3016 515 3053 posuisti
533 3023 795 3062 poemtentiam
832 3029 1143 3079 delectationibus
1162 3047 1450 3090 exuberantium
1470 3060 1599 3103 pasci-

0 3047 19 3092 z:
33 3071 35 3076 ·
