1884 3164
90 0 171 29 ’ὒῖτὲ
209 27 212 35 Ι

24 137 50 174 ’11

35 172 41 182 δ

25 200 46 235 ¹⁴0

0 248 37 337 l

8 1161 21 1183 f

457 173 695 219 omrmime
722 179 938 211 1118118888
966 168 1094 209 Arnus
1122 174 1294 211 nones.

85 261 189 316 qu'il
207 261 310 304 etait
326 261 421 314 plus
440 260 610 312 eloigne
640 271 718 313 par
747 257 1016 299 l’humanite.
1042 272 1061 294 »
1084 255 1193 296 C’est
1212 254 1321 294 donc
1340 252 1381 293 18
1400 253 1513 293 811881
1531 266 1660 306 pour-

84 326 354 382 quoiiletait
372 326 457 366 bon
478 337 560 379 que
591 325 630 365 18
663 324 801 366 Christ
832 322 966 364 888881
994 321 1126 362 d’etre
1156 320 1342 374 present,
1365 318 1451 358 afin
1485 330 1566 370 que
1598 330 1664 360 ses

85 391 293 446 diseiples,
315 403 369 432 ne
400 393 590 444 pouvant
620 390 714 443 plus
745 389 785 430 18
816 388 992 429 toucher
1025 398 1128 427 avec
1156 385 1199 424 18
1230 383 1347 424 main
1378 383 1434 423 du
1467 395 1600 436 corps,
1623 383 1664 423 le

81 459 264 512 prissent
281 457 375 510 plus
399 456 700 510 parfaitement
731 466 831 495 avec
860 453 902 494 18
931 452 1048 492 main
1069 451 1120 491 de
1138 450 1263 490 l'amc
1284 453 1325 488 et
1344 451 1519 501 pussent
1549 448 1663 488 aussi

84 522 174 565 dire
194 533 294 563 avec
313 521 497 574 l'ApOtre
521 535 530 561 ε
552 537 572 558 «
594 521 701 562 C'est
719 518 931 572 pourquoi
950 529 1057 557 nous
1087 527 1141 556 ne
1169 514 1435 554 connaissous
1453 513 1547 566 plus
1564 524 1663 566 per-

82 598 214 629 sonne
245 587 362 628 selon
390 587 430 627 18
448 586 585 635 811811·;
613 588 655 626 81
685 585 719 625 81
750 597 854 625 nous
884 595 1030 631 avons,
1064 593 1200 621 connu
1232 579 1521 627 Jews-Christ,
1543 577 1662 619 selon

80 651 272 701 18811811,
293 663 401 692 nous
433 663 486 691 ne
507 651 545 691 le
565 650 831 690 connaissons
861 649 957 701 plus
988 646 1267 687 maintenant.
1292 643 1330 698 (2
1355 643 1449 684 Cor.
1472 655 1513 691 v,
1536 642 1621 696 16.)
1637 658 1659 681 ι

81 716 340 759 Ο’881-8-(111·8
363 730 372 757 :
396 717 440 757 Si
461 729 568 756 nous
586 727 690 755 nous
709 726 890 755 sommes
909 712 1110 754 autrefois
1141 710 1329 751 attaches
1348 722 1404 749 88
1425 709 1564 750 Christ
1584 719 1662 762 par

79 794 166 823 une
185 782 382 822 affection
415 781 628 821 chamelle
658 783 702 821 et
730 780 947 828 1188181118,
971 789 1133 818 comme
1154 776 1270 816 l’ami
1290 775 1494 815 s'ettaehe
1526 776 1551 814 8
1583 784 1662 814 8811

80 847 183 896 ami,
204 847 235 887 il
255 847 353 887 n'en
372 850 436 887 est
455 846 549 899 plus
580 847 632 886 de
664 846 802 886 meme
835 847 860 885 8
891 846 1073 894 present,
1095 854 1220 895 parce
1252 853 1334 894 que
1367 840 1547 880 l’amour
1579 839 1661 879 hu-

79 912 197 953 main
217 917 259 954 et
278 912 459 953 sensible
485 916 548 953 est
578 911 828 952 totalement
847 910 1012 961 change
1033 921 1085 948 en
1106 920 1166 947 un
1197 918 1348 947 amour
1379 905 1494 945 divin
1513 907 1556 945 et
1573 903 1659 958 spi·

79 977 224 1019 rituel.

135 1043 256 1084 Saint
275 1045 390 1084 Leon
408 1055 534 1096 pense
557 1055 639 1095 que
658 1042 758 1082 c'est
788 1042 829 1081 la
859 1053 905 1081 88
935 1051 1016 1093 que
1046 1036 1323 1080 ,lesus-Christ
1341 1048 1368 1076 8
1387 1035 1517 1075 voulu
1547 1034 1659 1075 indi-

81 1120 198 1162 quer‚
224 1110 250 1149 8
268 1109 407 1149 savoir
427 1121 509 1161 que
530 1108 755 1148 l’affection
788 1106 968 1147 sensible
987 1105 1116 1145 serait
1147 1103 1338 1155 changee
1357 1114 1410 1142 en
1430 1114 1489 1141 un
1510 1112 1663 1141 amour

79 1177 175 1214 tout
194 1173 401 1226 spirituel‚
425 1174 564 1226 quand
584 1173 615 1213 il
640 1173 702 1213 dit
733 1174 758 1211 8
792 1171 1043 1220 Madeleine,
1064 1169 1139 1222 qui
1169 1167 1451 1221 s'approchait
1482 1166 1533 1206 de
1564 1165 1626 1206 lui
1647 1177 1660 1206 ε

85 1251 107 1277 «
126 1239 187 1278 Ne
207 1250 274 1278 me
294 1238 447 1279 touche
466 1239 574 1291 plus.
602 1254 620 1275 n
640 1241 699 1279 Le
729 1237 840 1276 saint
859 1237 1031 1276 docteur
1050 1235 1111 1274 dit
1131 1246 1212 1287 que
1231 1233 1466 1273 Madeleine
1485 1230 1662 1283 figur-ait

79 1302 124 1343 18
142 1303 331 1355 l’Eglise,
353 1303 537 1356 laquelle
557 1315 610 1343 ne
630 1303 771 1343 devait
795 1302 889 1354 plus
918 1301 1092 1341 toucher
1110 1299 1150 1339 le
1170 1299 1308 1340 Christ
1327 1298 1453 1337 d'une
1473 1296 1662 1337 muniere

80 1367 276 1419 sensible,
298 1368 406 1408 mais
434 1368 531 1408 bien
564 1367 843 1420 uniquement
869 1367 995 1406 d'une
1027 1365 1217 1406 1118111818
1248 1362 1482 1416 spirituelle
1511 1374 1591 1415 par
1619 1361 1662 1402 18

15 1465 21 1472 .
78 1433 314 1486 per-fection
334 1434 386 1474 de
405 1433 447 1473 la
466 1433 525 1473 foi
540 1433 570 1473 ¹.

134 1499 315 1539 Eeoutez
334 1498 393 1538 les
414 1498 579 1551 paroles
611 1498 769 1538 memes
799 1497 851 1537 de
881 1497 991 1537 saint
1008 1497 1121 1536 Leon
1145 1507 1158 1534 .-
1178 1509 1197 1532 «
1218 1494 1354 1546 Apres
1385 1492 1659 1544 l'Ascension,

78 1561 122 1604 18
140 1563 215 1614 foi,
237 1563 382 1603 mieux
402 1563 615 1611 instruite,
637 1574 882 1613 commenqa
901 1560 1151 1600 d'atteindre
1171 1571 1249 1612 par
1268 1559 1329 1598 les
1347 1557 1592 1598 demarches
1606 1557 1662 1598 de

0 1662 1 1665 ,
19 1653 37 1684 g
78 1627 239 1682 l’esprit
258 1629 297 1669 18
317 1628 417 1678 Fils,
439 1640 492 1669 en
513 1640 558 1668 ce
579 1627 682 1681 qu'il
708 1632 771 1668 est
799 1627 896 1679 egel
915 1639 969 1666 88
989 1627 1108 1666 Pere.
1128 1625 1219 1666 Elle
1237 1624 1355 1664 n’eut
1386 1623 1482 1676 plus
1512 1622 1660 1663 besoin

79 1693 133 1735 de
150 1693 327 1734 toucher
345 1693 388 1734 18
407 1694 628 1734 substance
647 1692 878 1746 corporelle
899 1692 957 1732 du
977 1690 1130 1742 Christ,
1151 1702 1229 1743 par
1255 1689 1439 1742 laquelle
1458 1688 1490 1728 il
1509 1691 1572 1728 est
1589 1687 1660 1728 in-

122 1819 135 1842 1
152 1818 281 1851 Inutile
302 1818 508 1851 d'observer
527 1828 595 1860 que
616 1820 708 1851 cette
727 1817 842 1856 these,
862 1817 1050 1859 presentee
1070 1816 1091 1849 8
1109 1825 1159 1848 1111
1185 1816 1288 1858 point
1321 1815 1366 1847 de
1396 1824 1468 1846 vue
1501 1813 1658 1855 exclusit,

78 1864 182 1899 luisse
203 1865 247 1898 de
268 1866 344 1898 cete
364 1866 398 1898 18
417 1866 536 1898 divine
565 1866 798 1904 Eucharistie,
832 1865 921 1897 dont
948 1865 979 1897 18
1012 1865 1153 1896 88111881
1173 1866 1207 1896 81
1229 1863 1263 1895 18
1290 1863 1463 1905 presence
1483 1864 1566 1895 sont
1584 1870 1659 1895 une

77 1913 324 1946 merveilleuse
345 1913 618 1954 compensation
638 1923 707 1955 que
727 1913 879 1945 l'amour
899 1912 942 1944 de
967 1911 1204 1944 Jesus-Christ
1224 1921 1245 1943 a
1264 1911 1430 1943 inventee
1457 1919 1549 1952 pour
1573 1918 1661 1943 con-

79 1960 176 1993 soler
194 1954 334 2003 l'Eglise
355 1961 399 1994 de
419 1970 485 1993 son
505 1962 641 2003 depurt.
662 1961 760 1993 Nous
779 1961 924 1993 aurions
943 1959 1053 1992 voulu
1073 1968 1143 2001 que
1163 1959 1193 1991 J.
1214 1958 1400 1991 Marchant
1420 1957 1596 2000 indiquAt,
1610 1965 1659 1991 88

78 2008 197 2041 moins
216 2017 281 2050 per
300 2016 351 2040 un
370 2010 457 2047 mot,
478 2010 570 2041 cette
589 2008 792 2041 nstriction
811 2008 1041 2049 importante.
1063 2006 1163 2048 (Note
1183 2006 1230 2038 du
1251 2005 1488 2047 Traducteur.)

1581 120 1776 210 183.I

80 2183 162 2212 esse
204 2174 439 2222 praesentior,
486 2175 550 2221 qui
608 2175 729 2212 factus
790 2179 846 2211 est

80 2220 316 2260 humanitate
375 2222 629 2269 longinquior.
688 2238 702 2257 »
759 2223 845 2259 Haec

80 2273 234 2307 sanctus
280 2269 363 2306 Leo.
411 2270 564 2317 Propter
611 2270 682 2307 hoe
732 2270 846 2314 igitur

79 2316 195 2355 etiam
239 2317 461 2364 expediebat
510 2318 701 2354 Christum
738 2328 845 2354 suam

81 2363 303 2402 subtrahere
323 2365 580 2411 praesentiam,
596 2370 635 2401 ut
655 2366 746 2402 dum
767 2376 845 2402 non

80 2411 245 2458 amplius
264 2423 286 2448 8
305 2412 503 2459 discipulis
532 2414 697 2460 tangitur
728 2423 844 2449 manu

81 2459 221 2502 carnis,
241 2459 443 2506 perfectius
462 2460 509 2496 ab
529 2461 584 2496 eis
604 2461 707 2507 tangi
730 2461 846 2506 possit

79 2515 200 2542 manu
246 2507 400 2551 mentis,
445 2508 666 2554 possintque
720 2508 846 2544 dicere

80 2563 172 2590 cum
193 2552 366 2598 Apostolo
389 2565 398 2590 ε
425 2566 439 2585 α
464 2555 592 2601 ltaque
611 2566 657 2592 ex
684 2555 756 2591 1188
777 2566 846 2591 nos

81 2600 279 2638 neminem
334 2602 581 2647 cognovimus
636 2603 846 2639 secundum

81 2657 238 2686 carnem
255 2664 264 2692 ;
285 2652 321 2684 et
335 2648 366 2684 si
379 2650 625 2695 cognovimus
637 2650 846 2687 secundum

81 2704 238 2733 carnem
282 2695 487 2739 Christum,
526 2697 591 2733 sed
629 2708 734 2734 118118
768 2698 846 2744 jam

48 2768 51 2776 l
81 2751 162 2780 non
199 2743 388 2779 novimus.
427 2757 441 2776 n
485 2744 597 2787 Quasi
634 2745 771 2782 dicat:
810 2745 848 2781 Si

84 2789 288 2838 aliquando
308 2791 454 2827 Christo
473 2791 702 2828 adhaesimus
716 2802 850 2829 secun-

84 2836 178 2874 dum
204 2838 395 2874 carnalem
428 2842 463 2874 et
491 2838 702 2875 humanum
732 2839 848 2875 affec-

85 2888 184 2928 tum,
203 2886 392 2932 quomodo
412 2886 559 2922 amicus
577 2886 701 2923 amico
726 2886 849 2923 adhae-

85 2935 166 2976 ret3
185 2932 251 2968 sed
266 2932 346 2979 ,iam
371 2944 450 2970 non
476 2934 542 2977 ita,
577 2934 665 2979 quia
696 2933 851 2970 affectus

85 2977 279 3018 humanus
301 2984 337 3018 et
368 2981 572 3027 corporalis
607 2981 649 3018 in
679 2981 851 3018 divinum

884 2178 920 2211 81
934 2173 1169 2220 spiritualem
1180 2172 1293 2219 plane
1313 2176 1366 2208 est
1385 2173 1654 2208 commutatus.

887 2223 964 2258 lloc
985 2222 1109 2267 ipsum
1130 2226 1234 2267 putat
1255 2225 1409 2256 sanctus
1431 2220 1502 2255 Leo
1523 2218 1655 2255 Chris·

886 2275 965 2305 tuin
986 2269 1148 2305 voluisse
1168 2268 1398 2314 significare,
1419 2270 1655 2304 commutan-

884 2318 976 2353 dum
997 2317 1140 2353 scilicet
1157 2315 1391 2363 corporalem
1414 2314 1523 2350 illum
1543 2313 1653 2351 affec·

886 2370 964 2401 tum
986 2364 1026 2400 in
1053 2363 1301 2410 spiritualem,
1336 2362 1427 2398 dum
1460 2361 1654 2407 Magdala-

887 2423 945 2448 nae
965 2411 1011 2447 ad
1032 2421 1071 2448 se
1090 2410 1286 2448 accedenti
1305 2410 1401 2445 dixit
1423 2420 1432 2446 :
1459 2422 1473 2440 «
1491 2409 1576 2447 Noli
1591 2418 1654 2447 me

886 2465 1051 2505 tangere.
1075 2475 1090 2493 n
1117 2459 1215 2495 Dicit
1243 2458 1347 2494 enim
1377 2467 1461 2493 88111
1492 2456 1654 2504 gessisse

886 2512 1015 2553 typum
1036 2506 1216 2543 Ecclesiae
1236 2516 1319 2552 quae
1340 2505 1420 2550 jam
1456 2515 1536 2541 non
1565 2515 1654 2541 am-

886 2555 986 2601 plius
1002 2559 1176 2590 contactu
1197 2552 1383 2599 corporali
1401 2552 1446 2588 ad
1461 2551 1655 2589 Christum

886 2607 964 2637 erat
996 2606 1236 2648 perventura,
1265 2600 1330 2636 sed
1361 2605 1538 2636 contactu
1571 2599 1655 2646 spi-

887 2649 1029 2694 rituali,
1064 2659 1129 2695 per
1168 2648 1282 2685 fidem
1319 2647 1463 2684 scilicet
1501 2648 1653 2694 persce-

887 2701 976 2733 tam.

936 2743 1028 2779 Audi
1053 2742 1165 2780 verba
1184 2742 1305 2779 sancti
1338 2742 1472 2779 Leonis
1495 2753 1503 2779 :
1528 2756 1542 2774 α
1568 2742 1655 2778 Post

890 2790 1158 2827 Ascensionem
1213 2791 1262 2827 ad
1319 2790 1503 2837 aequalem
1554 2788 1657 2826 Patri

892 2838 1027 2875 Filium
1056 2839 1169 2885 coepit
1199 2837 1381 2875 eruditior
1411 2837 1505 2874 tides
1524 2845 1656 2883 gressu

889 2885 1027 2923 mentis
1063 2886 1255 2930 accedere,
1288 2890 1325 2922 et
1361 2883 1658 2922 contrectatione

890 2934 930 2970 in
975 2933 1123 2971 Christo
1173 2943 1364 2980 corporeae
1419 2930 1659 2975 substantiae,

890 2991 965 3029 qua
995 2981 1102 3019 Patre
1135 2981 1264 3018 minor
1301 2986 1370 3026 est,
1397 2989 1478 3016 non
1516 2985 1656 3024 egere:
