1884 3164
146 2 148 10 ¹
214 0 269 18 ’Ἃι
315 0 366 10 ””
473 0 486 14 ¹¹>
521 0 527 8 ⁴
558 2 570 19 ἱ
596 0 602 6 '
636 0 733 19 ,Υ.Ψ“·1
758 0 820 18 --vv
865 6 872 14 ι

242 29 246 36 ι
316 9 338 38 ,4
472 11 495 36 ,γ’
520 22 577 34 ν”ί“
624 14 629 20 1
667 16 718 37 :⁴-
756 24 758 26 ¹
806 22 816 33 θ

441 110 444 115 ’
506 127 751 178 ‚omnisne
779 135 995 168 8881118118
1022 124 1152 165 arnis
1181 131 1350 170 mouns.
1559 98 1578 113 '⁵
1628 123 1718 182 ’181

140 234 228 270 une
244 222 353 269 8818,
375 218 411 260 si
437 216 518 260 elle
547 218 691 258 rentre
720 226 776 256 88
803 212 1056 262 elle-meme,
1071 210 1141 265 p’y
1160 214 1328 252 mentre
1358 212 1556 262 sensible,
1577 213 1625 254 se'
1651 223 1722 254 re-

68 284 70 286 ’
141 287 376 342 88818188
394 284 534 324 eearte
553 279 791 334 l'aiguillon
809 291 887 332 par
905 290 987 318 uue
1006 278 1144 318 bonne
1158 276 1412 317 confession.
1428 277 1549 316 Ainsi
1569 275 1725 330 parlait

141 349 272 395 David
291 363 331 391 2«
349 349 398 391 Je
416 359 484 389 me
502 347 589 388 suis
607 346 807 388 'retourne
827 344 933 384 dans
954 355 1055 384 mon
1075 342 1271 395 chagrin,
1288 341 1432 394 quand
1450 341 1605 393 l’epine
1625 343 1724 385 s’est

141 416 359 464 enfoncee,
377 414 422 466 je
441 425 545 454 vous
563 411 607 453 ai
641 410 806 452 (1881818
825 422 926 451 mon
946 409 1090 457 crime,
1113 412 1156 449 81
1170 408 1215 460 je
1234 406 1319 447 n'ai
1340 407 1459 459 point
1478 406 1604 447 cache
1623 418 1725 448 mon

138 481 335 534 iniquite.
359 478 444 533 (Ps.
466 489 581 529 xxvl,
604 480 630 518 4
651 478 693 517 81
711 475 806 530 5.)»
831 474 1089 516 c’est-a-dire
1124 485 1135 514 :
1167 472 1342 526 L’epine
1373 472 1425 512 de
1457 483 1558 512 mon
1590 472 1724 524 peche

139 544 385 596 s'enfoncait
404 543 509 584 (1885
538 555 610 584 ma
641 541 898 589 conscience,
920 542 964 580 et
994 543 1111 579 votre
1144 538 1262 578 main
1294 536 1652 590 s'appesantissait
1671 548 1726 577 en

140 610 228 652 moi
246 610 341 650 nuit
360 612 401 648 et
416 609 530 661 jour,
553 607 664 648 alors
679 606 725 659 je
745 618 812 646 me
845 604 930 645 suis
961 603 1166 653 converti,
1188 615 1241 643 en
1262 602 1534 643 considerant
1554 613 1624 641 ma
1642 602 1724 642 mi-

138 677 231 718 8818
250 679 292 716 81
311 687 413 716 mon
431 674 577 727 888118,
601 676 643 714 81
657 672 702 725 Je
722 684 790 712 me
810 671 896 711 suis
916 682 1102 711 reconnu
1123 671 1415 710 ouvertement
1435 666 1638 720 coupable
1658 667 1727 708 de-

140 744 242 783 vant
264 753 378 789 11085,
403 739 627 792 Seigneur,
650 741 692 777 81
706 737 781 789 j'ai
801 736 990 776 confesse
1020 734 1059 775 le
1091 734 1222 787 peche
1243 733 1582 786 qu’auparavant
1595 733 1641 784 Je
1662 735 1726 773 te-

130 806 234 848 ‘nais
263 805 389 846 cache
420 804 646 844 au-dedaus
677 803 727 843 de
759 802 862 852 moi,
891 804 932 840 et
958 800 1081 849 ainsi,
1103 812 1182 852 par
1212 800 1253 839 la
1282 798 1579 851 componction
1612 799 1656 838 et
1685 796 1728 838 18

141 871 389 921 confession,
407 870 482 922 j'ai
503 870 650 909 trouve
670 869 709 908 le
729 867 892 920 pardon
913 868 956 906 81
975 866 1016 906 18
1035 865 1136 918 paix
1155 865 1207 904 de
1228 865 1268 904 la
1288 864 1550 904 conscience.

195 937 304 978 C'est
335 935 385 975 de
417 937 523 975 cette
555 934 740 974 maniere
772 944 854 985 (188
885 930 1201 984 l’Esprit-Saint
1234 942 1381 969 accuse
1413 929 1450 968 18
1484 928 1637 968 monde
1669 927 1728 969 (18

141 1001 272 1056 peche
293 1014 374 1054 que
395 1000 557 1040 celui-ci
577 999 719 1048 cache,
743 1002 785 1038 et
805 997 834 1036 il
856 997 892 1036 le
915 997 1028 1036 force
1050 998 1075 1036 8
1095 996 1132 1036 18
1154 996 1256 1035 tirer
1275 995 1348 1034 des
1382 994 1592 1043 tenebres,
1615 1005 1669 1034 88
1689 992 1730 1034 18

141 1068 324 1109 mettani:
343 1078 397 1106 en
416 1065 592 1105 lumiere
612 1076 689 1117 par
703 1075 769 1103 885
790 1062 979 1102 remords
992 1062 1043 1102 de
1063 1061 1104 1103 la
1123 1060 1365 1100 conscience
1385 1059 1459 1112 qui
1475 1060 1567 1100 font
1587 1059 1727 1099 naitre

141 1131 184 1173 la
203 1132 361 1173 erainte
382 1131 438 1170 (18
466 1131 693 1182 jugement
713 1141 768 1168 ou
788 1128 839 1168 de
860 1127 1023 1177 l'enfer,
1045 1132 1087 1167 81
1117 1126 1309 1166 (1088881
1342 1137 1427 1165 888
1461 1124 1627 1176 grande
1661 1124 1727 1164 lu-

143 1197 274 1238 miere
295 1198 320 1236 8
338 1195 588 1236 1’18181·1881·.
611 1195 675 1234 Ε8
695 1193 810 1242 effet,
832 1192 883 1231 de
918 1192 1055 1231 meme
1088 1203 1185 1243 que,
1208 1191 1377 1243 lorsque
1410 1190 1450 1229 le
1482 1190 1636 1229 (181808
1654 1201 1730 1230 88-

109 1290 110 1293 =
144 1262 283 1304 traine
304 1274 357 1302 88
376 1260 524 1313 888118,
548 1271 623 1299 son
643 1257 827 1311 premier
847 1257 939 1297 soin
954 1260 1015 1297 851
1035 1256 1086 1296 (18
1106 1257 1316 1308 repandre
1337 1255 1396 1295 les
1410 1254 1605 1295 tenebres
1624 1254 1732 1295 dans

144 1326 290 1375 l’Ame;
317 1326 369 1366 (18
388 1326 542 1376 meme,
565 1325 605 1365 le
631 1323 818 1376 premier
848 1322 941 1362 soin
977 1322 1033 1362 du
1066 1320 1344 1374 Saint-Esprit
1364 1323 1427 1360 est
1445 1320 1496 1360 (18
1517 1319 1671 1360 rendre
1688 1318 1732 1360 18

146 1391 326 1433 lumiere
347 1391 419 1444 qui
439 1389 645 1442 dissipem
664 1401 731 1428 ees
751 1387 961 1428 tenebres.

200 1457 322 1499 Voila
350 1454 561 1508 pourquoi
592 1454 704 1494 saint
736 1453 964 1505 Augustiu,
987 1452 1154 1504 pariant
1186 1451 1243 1491 du
1276 1454 1414 1502 temps
1446 1452 1502 1489 οιί
1537 1450 1566 1490 11
1598 1449 1732 1491 11111811

145 1522 251 1564 (1885
270 1521 308 1561 18
329 1520 474 1573 888118,
498 1519 559 1559 dit
581 1532 591 1559 :
614 1533 634 1557 (1
652 1518 687 1559 11
707 1531 734 1570 y
754 1519 868 1559 avait
889 1530 948 1557 un
969 1528 1109 1568 nuage
1131 1516 1334 1556 immense
1366 1519 1408 1556 et
1441 1515 1557 1567 88815
1575 1515 1734 1556 devant

145 1587 205 1628 les
223 1598 338 1640 yeux
359 1586 409 1626 de
430 1597 500 1625 ma
518 1584 663 1625 1188118
685 1584 758 1636 (181
791 1582 1088 1635 18’81888811811
1107 1582 1157 1622 (18
1176 1581 1268 1622 voir
1288 1581 1327 1621 le
1349 1581 1467 1621 soleil
1498 1580 1549 1621 de
1576 1580 1734 1633 justice

144 1655 188 1696 81
206 1651 247 1692 18
266 1651 444 1692 lumiere
466 1650 517 1691 de
537 1649 687 1690 verite.
709 1648 794 1689 Fils
814 1648 865 1688 de
885 1647 1095 1698 tenebres,
1118 1646 1259 1699 j’etais
1292 1646 1524 1698 8811810888
1547 1646 1654 1687 dans
1671 1646 1734 1687 les

145 1717 360 1766 tenebres;
380 1715 563 1769 J’aimais
583 1727 672 1755 mes
692 1714 899 1763 tenebras,
923 1725 1046 1766 parce
1068 1724 1149 1766 (188
1177 1713 1220 1764 je
1248 1724 1302 1752 ne
1322 1710 1578 1751 connaissais
1595 1723 1671 1765 pas
1691 1712 1735 1752 la

144 1781 339 1825 lumiere.
362 1782 384 1822 J
391 1781 508 1822 ’81815
525 1780 706 1832 aveugle
726 1782 768 1820 81
789 1779 976 1831 j’aimais
995 1790 1067 1818 ma
1085 1778 1230 1826 888118,
1253 1780 1296 1817 81
1323 1776 1368 1830 je
1401 1776 1609 1817 marebais
1628 1776 1734 1817 dans

145 1846 207 1888 les
226 1846 420 1888 tenebras
440 1858 533 1887 vers
553 1846 605 1887 de
622 1844 838 1885 nouvelles
858 1844 1067 1884 tenebres.
1093 1859 1111 1880 n

151 1997 288 2034 Sancto
308 1996 471 2032 immissi
499 1998 676 2042 pungunt
709 1993 920 2037 hominem,

151 2044 199 2093 ad
218 2053 282 2081 eor
302 2044 451 2087 reverti,
467 2047 639 2079 tenerum
656 2052 738 2078 esse
758 2042 804 2077 ad
819 2041 920 2087 illos,

151 2091 354 2138 statimque
375 2091 596 2137 compungi,
618 2094 654 2126 et
673 2100 739 2136 per
769 2090 921 2126 conses-

151 2139 300 2177 sionem
320 2139 472 2176 illorum
495 2147 710 2184 expungere
730 2136 920 2173 aculeum.

150 2187 212 2224 Sic
231 2186 380 2223 dicebat
403 2186 518 2223 David
543 2197 551 2222 :
570 2201 583 2218 u
607 2186 818 2222 Conversus
838 2194 922 2220 sum

149 2234 193 2271 in
237 2244 409 2271 aerumna
451 2244 536 2270 mea
579 2234 671 2270 dum
721 2232 924 2278 configitur

150 2281 276 2329 spina,
291 2282 472 2319 delictum
493 2291 622 2317 meum
638 2280 834 2327 cognitum
854 2278 923 2314 tibi

150 2329 237 2375 feei,
265 2333 302 2366 et
338 2328 566 2376 injustitiam
592 2338 717 2365 meam
742 2338 822 2364 non
853 2326 922 2363 ab-

151 2377 300 2415 scondi.
327 2391 340 2409 »

200 2423 315 2468 Quasi
353 2423 454 2461 dieat
490 2434 499 2460 ;
538 2422 667 2469 Gulpae
700 2433 796 2459 meae
814 2421 924 2468 spina

153 2470 336 2518 figebatur
380 2471 477 2508 mihi
508 2471 548 2508 18
597 2470 846 2515 conscicntia,
887 2473 922 2505 et

153 2517 376 2565 gravabatur
396 2529 509 2565 super
530 2528 590 2555 818
610 2528 748 2554 manus
769 2522 833 2553 tua
862 2516 924 2552 (118

109 2601 111 2605 .
152 2575 198 2603 88
232 2570 371 2609 80818;
404 2570 570 2612 tuncque
602 2574 806 2602 conversus
837 2574 923 2600 sum

152 2623 221 2660 per
253 2612 595 2650 considerationem
631 2612 796 2649 miseriae
830 2622 925 2648 meae

153 2663 191 2697 et
209 2660 355 2707 peccati
374 2660 463 2706 mei,
485 2665 521 2697 et
551 2664 679 2707 aperte
716 2670 778 2696 me
816 2669 923 2695 reum

154 2718 284 2750 coram
301 2711 351 2752 te,
374 2707 548 2752 Domine,
562 2708 711 2754 agnovi,
729 2708 923 2744 81808185-

153 2766 219 2793 sus
233 2765 319 2791 sum
339 2758 536 2802 peecatum
555 2755 656 2802 quod
675 2759 787 2791 antea
816 2758 921 2791 tene-

154 2801 244 2840 bam
282 2803 386 2839 intus
436 2802 601 2839 celatum
642 2812 651 2839 :
690 2802 820 2848 sieque
857 2811 924 2848 per

154 2850 491 2898 compunctionem
512 2853 548 2886 81
566 2849 848 2887 consessionem
868 2849 924 2885 in-

155 2897 243 2934 veni
278 2897 544 2935 remissionem
591 2901 627 2934 81
677 2896 924 2934 conscientiae

156 2945 483 2994 tranquillitatem.
499 2959 513 2979 ι)

1012 1993 1090 2028 Hoc
1108 1992 1222 2028 modo
1243 1992 1403 2038 Spiritus
1423 1992 1583 2031 Sanetus
1608 1990 1734 2037 arguit

962 2040 1150 2076 mundum
1170 2040 1216 2075 (18
1235 2043 1389 2085 peccato
1416 2039 1518 2084 cuod
1549 2038 1734 2075 dissimu-

963 2088 1026 2133 lat,
1049 2091 1085 2123 et
1108 2097 1128 2123 e
1159 2087 1326 2123 tenebris
1363 2086 1528 2131 deducit,
1550 2086 1647 2122 illud
1683 2085 1734 2123 ad

963 2135 1086 2171 lucem
1108 2134 1318 2171 immittens
1338 2145 1425 2170 eum
1449 2134 1507 2170 his
1527 2133 1735 2170 conscien-

963 2183 1023 2218 tiae
1049 2181 1280 2218 remorsibus
1320 2187 1463 2218 metum
1497 2181 1634 2227 judicii
1673 2180 1734 2219 vel

963 2229 1118 2272 inferni,
1153 2229 1522 2275 illustrationemque
1571 2228 1734 2267 interio-

963 2288 1055 2314 rem.
1079 2277 1175 2315 Nam
1201 2277 1300 2314 sicut
1331 2287 1419 2313 cum
1451 2277 1499 2312 ad
1533 2279 1734 2324 peccatum
1790 2279 1794 2282 ⁴

963 2325 1109 2362 inducit
1134 2326 1302 2370 doemon,
1322 2325 1491 2370 primum
1524 2324 1606 2370 eJus
1635 2333 1732 2371 opus

962 2376 1018 2409 cst
1055 2372 1251 2409 offundere
1288 2372 1463 2408 tenebras
1501 2371 1652 2416 menti3
1679 2371 1733 2409 ita

964 2421 1131 2467 primum
1177 2430 1272 2466 opus
1310 2420 1472 2466 Spiritus
1509 2418 1637 2456 Sancti
1675 2422 1733 2456 est

964 2469 1088 2504 lucem
1123 2468 1293 2512 reddere,
1327 2477 1400 2513 qua
1449 2467 1509 2504 hae
1553 2467 1734 2513 fugentur

963 2515 1141 2552 tenebrae.
1189 2517 1423 2561 Quapropter
1468 2519 1622 2551 sanetus
1653 2514 1734 2551 Au-

962 2563 1134 2609 gustinus
1159 2573 1275 2608 agens
1307 2562 1354 2598 de
1382 2567 1551 2610 tempore
1582 2571 1658 2609 quo
1691 2562 1733 2598 in

962 2610 1127 2694 peccatis
1156 2610 1304 2657 agebat,
1336 2609 1458 2646 dicit:
1485 2625 1499 2643 ιι
1535 2610 1623 2646 Erat
1655 2619 1733 2646 nu-

989 2668 1028 2694 es
1047 2669 1186 2704 magna
1207 2662 1242 2694 et
1263 2656 1461 2694 tenebrosa
1491 2662 1580 2694 ante
1601 2656 1734 2694 oculos

963 2705 1140 2741 vanitatis
1178 2715 1288 2750 meae,
1322 2705 1375 2742 ita
1410 2710 1451 2742 ut
1488 2705 1616 2742 videre
1653 2713 1735 2740 non

962 2763 1113 2799 possem
1150 2752 1269 2790 solem
1321 2752 1479 2798 justitiae
1514 2757 1552 2790 et
1598 2752 1734 2788 lumen

963 2800 1141 2837 veritatis.
1193 2800 1417 2837 Involvebar
1472 2801 1514 2836 in
1567 2798 1734 2836 tenebris

964 2847 1064 2884 [ilius
1102 2847 1372 2893 tenebrarum;
1415 2847 1589 2885 tenebras
1627 2855 1733 2883 meas

961 2895 1151 2941 amabam,
1170 2895 1259 2943 quia
1277 2896 1410 2933 lumen
1429 2906 1509 2932 non
1529 2902 1737 2940 eognosce-

962 2943 1064 2982 bam.
1109 2944 1239 2982 Caecus
1276 2954 1396 2990 eram,
1435 2947 1473 2980 et
1521 2940 1737 2980 caecitatem
