1826 3164
381 187 535 223 ancon
562 189 779 222 emanent
805 182 933 223 Armes
962 192 1011 223 u
1042 191 1292 224 tenueere.
1544 185 1625 228 419

51 270 104 310 de
123 281 186 310 ses
204 268 284 318 fils,
307 269 359 310 de
377 268 496 309 vains
515 270 740 322 pretextes.
763 269 808 311 Si
833 270 872 310 le
902 270 1086 323 premier
1115 275 1188 313 eut
1218 273 1286 314 ete
1317 273 1465 327 appele
1496 280 1626 316 avant

48 334 204 375 rat-hat
221 334 270 374 de
310 334 350 374 la
382 337 508 384 terre,
532 333 571 374 le
603 334 756 374 second
778 340 905 375 avant
935 334 1214 388 l'aequisition
1247 349 1302 378 ou
1333 337 1375 378 la
1405 338 1528 379 visite
1551 339 1625 381 des

49 399 252 452 attelages
271 398 323 439 de
344 397 489 446 boeufs,
514 399 551 438 le
575 400 785 439 truisieme
805 403 934 440 avant
949 400 1109 441 d’avoir
1123 404 1276 455 epouse
1291 415 1372 443 une
1390 403 1561 454 femme,
1584 405 1624 445 le

48 464 232 518 premier
249 475 292 503 se
311 463 436 503 serait
455 465 606 504 excuse
626 468 717 504 tout
750 465 800 504 de
835 466 972 505 meme
1003 470 1046 506 et
1077 467 1105 506 il
1139 468 1278 508 aurait
1309 467 1371 508 dit
1402 469 1530 521 qu’on
1564 469 1625 509 lui

47 528 190 569 oflrnit
210 539 291 568 une
313 531 421 568 terre
441 531 466 568 ἡ
486 529 654 569 acheter
673 533 714 570 et
735 530 837 582 qu'il
855 530 1016 588 volulait
1034 531 1247 584 s’occupvr
1265 545 1359 572 sans
1381 533 1491 573 delui
1511 533 1563 574 de
1584 534 1625 575 la

49 593 321 642 &ausentium
343 593 394 633 de
414 605 519 646 peur
537 595 668 646 qu’un
691 598 811 634 autre
833 607 885 635 ne
907 595 945 635 le
978 596 1207 648 previenne
1238 601 1279 637 et
1314 610 1365 638 ne
1398 598 1626 639 l’obtienne

45 661 175 698 avant
191 658 263 697 tui.
286 658 642 699 Semblablement
662 659 701 699 le
717 660 885 708 set-ond,
902 661 962 699 s’i}
982 674 1034 700 ne
1054 675 1096 700 se
1119 662 1179 700 fut
1203 675 1275 714 pas
1290 675 1440 703 encore
1461 676 1626 716 pourvu

41 722 100 763 de
119 722 268 772 boeufs,
290 723 427 763 aur-ait
447 724 508 763 ‹lit
529 724 630 777 qu'il
652 725 764 764 avait
785 728 892 764 cette
914 726 1060 765 affaire
1081 729 1105 766 ἐι
1127 727 1275 767 traiter
1306 732 1347 766 nt
1369 741 1420 767 ne
1453 729 1627 780 pouvait

43 786 120 827 ‘des
138 786 220 827 lors
239 788 478 841 acquiescer
497 801 550 828 au
570 789 680 829 desir
701 789 751 829 de
772 791 880 830 celui
902 790 974 843 qui
1000 792 1213 832 t’invitait.
1249 795 1299 832 Le
1322 794 1532 834 troisieme
1552 797 1627 836 eut

0 839 1 842 Ἴ
45 851 109 892 dit
127 851 367 903 &galement
387 854 486 906 qu'il
507 855 718 905 eraignuit
741 855 871 907 qu'un
894 861 1013 896 autre
1037 869 1089 896 ne
1111 858 1305 897 sollicitet
1325 858 1365 898 la
1386 860 1495 898 main
1512 859 1563 899 de
1585 860 1626 900 le,

45 916 202 957 femme
222 917 323 970 qu'il
345 919 524 971 esperait
545 921 736 971 epouser.
760 921 868 959 C'est
888 921 997 960 ainsi
1024 934 1104 974 que
1126 923 1184 962 les
1217 935 1390 963 excuses
1421 936 1472 964 ue
1503 937 1624 965 man-

47 986 178 1035 quent
197 995 270 1035 pas
284 996 367 1023 aux
398 985 565 1023 enfauts
585 985 636 1023 dc
657 997 702 1024 ce
734 985 871 1034 siecle,
906 998 957 1025 en
996 986 1069 1039 qui
1100 990 1161 1027 v‘tt
1192 1000 1342 1027 encore
1374 989 1411 1028 le
1445 990 1628 1042 premier

47 1046 199 1087 Adam.
225 1052 279 1088 La
299 1051 409 1089 terre
431 1050 532 1088 etait
554 1050 649 1101 dcja
669 1050 854 1094 ecbetee,
879 1051 936 1090 les
957 1051 1094 1091 boeufs
1115 1054 1272 1093 etaient
1292 1053 1386 1105 dejii
1407 1055 1564 1107 aequis,
1587 1054 1628 1095 la

48 1112 203 1153 femme
222 1113 325 1152 etait
345 1114 439 1166 deje
459 1117 652 1167 epousee.
675 1118 730 1154 Ce
754 1116 899 1155 n'etait
929 1117 1038 1156 donc
1069 1130 1143 1170 pas
1163 1131 1245 1159 une
1277 1130 1429 1159 excuse
1460 1119 1627 1160 valahle

46 1188 131 1230 que
153 1177 202 1218 de
223 1190 265 1218 se
286 1179 438 1230 rejeter
456 1193 526 1218 sur
546 1180 584 1219 la
608 1183 734 1228 terre,
759 1181 818 1220 les
838 1181 974 1221 boeufs
999 1195 1054 1221 ou
1085 1183 1126 1222 lu
1157 1183 1327 1224 femme.
1361 1184 1509 1225 C'eteit
1540 1197 1626 1226 une

44 1253 198 1282 excuse
216 1243 365 1283 frivole
387 1256 467 1295 que
487 1244 537 1283 de
559 1245 722 1284 vouloir
743 1247 978 1286 soulement
1000 1248 1058 1286 les
1090 1248 1195 1297 voir,
1218 1249 1348 1288 d'etre
1382 1253 1528 1290 retenu
1548 1262 1626 1303 per

48 1306 272 1348 l'nflection
295 1309 420 1361 qu'on
443 1309 533 1349 leur
554 1313 688 1362 porte,
711 1314 753 1350 et
772 1311 824 1350 de
847 1311 985 1351 tardet·
1006 1312 1057 1351 de
1090 1325 1132 1351 se
1165 1314 1316 1354 rendre
1351 1317 1376 1354 ὲ
1408 1327 1464 1354 un
1497 1315 1625 1356 festin

47 1372 161 1412 aussi
182 1373 379 1426 precieux
398 1387 451 1414 ou
473 1375 523 1414 dc
544 1375 628 1415 s'en
652 1376 833 1425 exclurc,
860 1377 1036 1430 puisque
1058 1384 1122 1418 cet
1142 1379 1348 1419 excellent
1370 1382 1472 1420 Pere
1493 1381 1544 1420 de
1566 1381 1625 1421 fa-

50 1437 165 1478 milie
183 1449 212 1490 y
230 1438 376 1478 convie
395 1451 494 1478 avec
516 1443 605 1479 tant
623 1440 672 1478 dc
694 1441 995 1481 bienveillauc==
1028 1446 1068 1481 et
1101 1443 1151 1482 de
1184 1444 1435 1494 sollicitudo,
1460 1449 1500 1484 et
1520 1445 1625 1498 qu'il

46 1501 108 1542 tui
128 1514 153 1542 a
173 1504 294 1542 (toute
315 1507 403 1543 tant
423 1504 473 1542 de
495 1504 693 1558 depensos
715 1511 754 1544 vt
776 1506 826 1545 «le
867 1507 982 1546 frais.
1005 1509 1127 1548 Aussi
1149 1509 1270 1548 a-t-il
1290 1510 1427 1550 raison
1449 1510 1500 1551 de
1519 1523 1620 1552 con·

41 1567 188 1607 envoir
204 1580 288 1608 une
308 1569 400 1608 vive
420 1569 690 1621 indignation
711 1576 857 1611 contre
877 1583 943 1611 ces
964 1572 1139 1624 ingrats,
1158 1577 1199 1614 et
1220 1574 1250 1614 il
1263 1578 1365 1627 peut
1384 1575 1476 1616 leur
1494 1576 1586 1618 dire
1609 1588 1620 1617 :

53 1646 75 1669 «
91 1632 171 1674 J’ai
189 1633 350 1686 appele,
373 1638 414 1673 et
434 1647 535 1673 vous
556 1648 656 1675 vous
677 1636 764 1676 etes
778 1637 987 1689 eloignes3
1011 1638 1083 1690 j'ai
1103 1639 1259 1679 eteudu
1276 1641 1316 1679 la
1337 1641 1468 1691 main,
1490 1645 1532 1682 et
1547 1643 1622 1683 nul

46 1697 116 1738 n'e
133 1699 199 1738 ete
218 1699 434 1739 attentif...
457 1699 555 1740 c’est
574 1702 783 1754 pourquoi
799 1702 842 1754 je
863 1703 964 1743 rirai
992 1706 1015 1742 a
1036 1715 1135 1744 mon
1161 1708 1258 1745 tour
1271 1705 1322 1746 de
1337 1709 1455 1747 votre
1482 1707 1619 1756 ruine,

43 1766 128 1803 otc.
148 1762 287 1816 (Pr-ov.
310 1775 339 1804 1.
362 1766 414 1804 24
434 1769 476 1804 et
495 1765 582 1819 26.)
602 1781 620 1804 n

101 1829 143 1868 2⁶
162 1829 305 1870 Pom'r.
326 1852 378 1859 -—-
397 1829 515 1880 Mais,
536 1830 568 1870 il
588 1831 681 1871 faut
700 1832 791 1871 voir
810 1832 914 1872 dans
933 1833 972 1873 le
992 1834 1121 1873 detail
1141 1847 1187 1874 ce
1208 1848 1289 1888 que
1317 1836 1536 1888 signifieat
1554 1850 1622 1879 ces

45 1903 219 1933 excuses
247 1897 288 1933 et
318 1894 436 1946 quels
470 1900 563 1934 sont
595 1908 701 1935 ceux
733 1909 814 1949 que
846 1898 1072 1949 designent
1101 1911 1207 1939 ceux
1227 1900 1302 1953 qui
1321 1901 1410 1941 s'en
1431 1907 1617 1943 servent.

52 2016 1620 2039 ————-.-——————

47 2093 197 2125 zomata
230 2090 361 2125 veteris
393 2090 499 2136 Adce,
528 2091 690 2138 foliaque
725 2093 817 2129 licus

41 2134 217 2172 illiorum
239 2136 542 2183 ejus,praetextus
563 2140 695 2175 inanes
713 2146 813 2176 suut.

48 2181 91 2219 Si
110 2182 240 2219 suisset
260 2189 409 2222 vocatus
440 2187 585 2232 primus
613 2192 813 2234 antequam

51 2229 142 2267 villa
172 2230 265 2267 soret
302 2237 441 2279 empta,
477 2235 665 2270 secundus
706 2240 814 2271 ante-

48 2286 164 2324 quam
204 2277 293 2325 juga
333 2279 444 2316 houm
503 2282 699 2318 coemisset
757 2282 813 2318 vcl

50 2329 239 2362 mercatus
284 2331 392 2370 essct,
440 2329 569 2364 tertius
612 2334 813 2376 antequam

49 2380 209 2408 uxerem
229 2373 408 2418 duxisset,
443 2382 651 2412 excusasset
675 2387 714 2412 sc
735 2377 814 2423 pri-

49 2419 154 2462 mus,
173 2422 210 2455 et
228 2419 397 2465 dixisset,
419 2422 491 2458 sibi
521 2422 646 2460 offerri
685 2424 815 2460 villam

51 2461 220 2511 aliquam
248 2467 295 2502 ad
327 2468 573 2516 emptionem,
589 2471 736 2517 sibique
768 2472 815 2508 dc

52 2510 122 2548 itta
161 2513 443 2558 transigendum
487 2526 583 2559 esse,
629 2528 677 2554 ne
723 2519 815 2555 sorte

53 2558 153 2594 atius
171 2560 373 2605 praeveniat
392 2566 428 2597 et
445 2569 677 2609 assequatur.
709 2566 816 2602 Simi-

51 2605 140 2642 liter
171 2610 207 2642 et
238 2608 439 2655 secundus,
469 2610 500 2645 si
542 2612 706 2648 necdum
744 2613 814 2648 sibi

54 2653 246 2699 provisum
281 2654 410 2691 fuisset
433 2656 477 2692 de
510 2656 642 2702 bobus,
663 2659 818 2696 dixisset

45 2699 128 2736 'sibi
161 2710 289 2737 curam
334 2701 437 2738 illius
482 2703 534 2739 rei
578 2705 814 2750 incumbere,

50 2746 212 2794 ideoque
233 2758 311 2784 non
332 2759 440 2795 posse
460 2750 589 2787 fuisset
622 2753 734 2789 modo
754 2754 817 2790 in-

54 2793 186 2831 vitanti
229 2796 479 2842 acquiescere.
526 2798 672 2835 Tertius
704 2801 817 2836 etiam

46 2840 224 2890 dixisset,
245 2853 284 2879 se
305 2844 422 2880 vereri
443 2845 591 2881 nealter
603 2851 819 2893 procaretur

45 2897 213 2938 <uxorem
244 2900 356 2936 quam
389 2891 460 2928 sibi
481 2892 710 2939 conjungere
730 2905 818 2941 spe-

47 2935 173 2976 nbat.
195 2937 256 2973 Sic
275 2939 536 2976 excusationes
567 2950 644 2977 non
682 2942 821 2979 desunt

855 2093 945 2129 vivit
964 2098 1069 2130 vetus
1107 2095 1236 2131 Adam.
1281 2097 1364 2133 Jarn
1409 2098 1498 2134 villa
1542 2102 1623 2135 erat

855 2142 1083 2188 einpta‚jam
1108 2143 1218 2179 boves
1238 2145 1505 2191 coempti,jam
1526 2155 1622 2182 uxor

855 2190 981 2232 ducta,
1004 2199 1079 2226 nou
1112 2195 1166 2226 cst
1195 2193 1386 2227 excusatio
1406 2198 1621 2239 opportuna

856 2241 1005 2282 propter
1027 2237 1170 2281 vittam,
1193 2244 1342 2285 propter
1364 2240 1488 2286 boves,
1510 2251 1620 2288 prop-

856 2289 908 2319 tcr
940 2293 1111 2328 uxorem,
1133 2286 1264 2322 frivola
1296 2288 1503 2331 excusatio,
1524 2288 1620 2326 velle

854 2331 975 2366 solum
999 2331 1078 2367 haec
1098 2333 1462 2376 videre,autafl'ectu
1483 2335 1619 2373 horum

853 2378 1026 2422 detineri,
1050 2390 1071 2415 a
1109 2390 1292 2426 coeuaquc
1329 2382 1422 2419 adeo
1456 2383 1619 2429 pretiosa

855 2426 1034 2462 retardari
1054 2427 1110 2462 vel
1132 2428 1618 2475 excludi,quandoquidem

854 2477 956 2508 tanta
992 2473 1253 2511 benevolentia
1290 2482 1325 2512 et
1363 2477 1619 2516 sollicitudine

854 2520 985 2556 invitet
1029 2522 1195 2566 optimus
1260 2523 1544 2570 Paterfamilias,
1581 2532 1620 2563 et.

854 2567 1159 2614 quandoquidem
1191 2569 1304 2607 etiam
1336 2571 1402 2608 illa
1440 2574 1554 2610 tantis
1582 2575 1619 2611 ei

854 2618 1001 2650 constet
1021 2615 1225 2662 impendiis
1238 2623 1272 2654 et
1287 2620 1511 2666 sumptibus.
1530 2621 1617 2659 Ideo

855 2662 988 2697 merito
1009 2663 1175 2709 concipit
1195 2670 1326 2702 contra
1338 2667 1430 2704 adeo
1451 2668 1618 2715 ingratos

855 2718 1004 2753 gravem
1019 2709 1333 2757 indignationem,
1347 2719 1544 2762 potestque
1562 2717 1618 2752 eis

854 2755 979 2792 dicere
1002 2766 1010 2792 z
1040 2769 1055 2788 ι
1077 2757 1210 2795 Vocavi
1225 2765 1262 2797 et
1281 2763 1473 2806 renuistis,
1489 2769 1615 2800 exten-

855 2803 894 2838 di
926 2813 1081 2840 manum
1113 2809 1149 2841 et
1186 2817 1264 2844 non
1295 2809 1366 2846 suit
1404 2811 1468 2856 qui
1511 2811 1615 2857 aspi-

855 2854 979 2894 ceret;
1000 2851 1084 2889 ideo
1103 2863 1171 2900 ego
1197 2854 1350 2893 interitu
1370 2868 1520 2904 quoque
1539 2868 1618 2894 ves-

856 2901 913 2934 tro
932 2898 1077 2943 ridebo,
1096 2905 1169 2937 ete.
1193 2917 1209 2936 ι

901 2944 971 2982 Sed
990 2946 1196 2986 videndum
1215 2950 1304 2996 quid
1327 2951 1367 2987 in
1397 2952 1617 2998 particulari

35 2976 148 3054 &iis
169 2983 280 3031 hujus
316 2985 459 3032 saeculi,
480 2987 519 3023 in
539 2987 675 3034 quibus
694 2989 818 3028 adhuc
855 2991 1067 3039 significent
1082 2994 1141 3032 hae
1159 2998 1435 3046 excusationes,
1450 3003 1486 3036 et.
1507 3010 1616 3047 quos·
