1832 3172
450 111 460 133 ι
476 98 479 102 .

59 0 228 73 μνῆ(
246 0 249 2 ·
358 30 376 42 ..
396 0 421 50 ft
534 0 547 12 ⁹
615 0 663 12 ··‘·
689 0 695 12 ’

59 60 107 115 ἧς...
152 57 165 90 Ι·
182 52 189 60 ⁷
206 78 211 83 -
316 79 318 83 .
371 80 373 83 .

62 133 75 176 ³·
1671 157 1747 199 381

182 223 221 265 13
240 224 307 267 fils
323 225 375 266 (13
392 225 513 277 Dieu,
533 238 641 279 pour
660 229 846 271 celebrer
862 231 957 284 plus
978 234 1275 286 parfaitement
1305 238 1346 278 13
1379 240 1462 281 sete
1483 241 1534 282 de
1565 243 1751 286 l'Ascen·

179 289 272 331 sion
291 301 344 330 au
365 290 452 332 sein
472 291 545 332 des
563 292 730 334 choeurs
749 296 1011 350 angeliqueS.

232 354 354 395 Saint
372 355 574 405 onustam,
595 358 856 412 (ιι-3113113333
876 362 928 402 de
948 365 1222 418 Cautorbery,
1243 368 1370 420 priait
1388 370 1493 409 dans
1512 371 1672 424 l'eglise
1694 388 1749 416 un

173 418 273 471 jour
290 419 341 459 de
361 418 630 471 1Ἀ33335103,
647 426 791 476 quand
807 439 890 466 333
906 429 1133 470 multitude
1147 431 1243 471 (1’33
1249 445 1323 485 ges
1336 434 1423 474 viut
1443 435 1745 491 l'environner,

177 482 313 523 disant
337 484 459 536 qu'ils
489 487 646 527 etaient
676 488 905 531 descendas
935 506 1043 545 pour
1073 495 1318 538 l'emmeuer
1348 512 1400 539 au
1433 501 1527 549 ciel,
1549 501 1612 542 s'il
1643 505 1748 546 etait

173 548 281 601 pret.
302 548 334 588 11
353 548 444 589 leur
459 552 658 603 ‘repondit
678 554 779 606 qu'il
799 555 945 606 Vetuit,
970 559 1075 599 mais
1095 562 1197 613 qu’il
1217 562 1462 605 demandait
1483 579 1564 618 que
1585 567 1624 607 le
1645 581 1747 621 peu-

171 613 239 665 ple
259 625 311 652 ne
330 613 394 653 fut
411 615 530 667 point
560 618 678 669 prive
703 619 759 659 du
792 622 891 673 pain
912 623 963 663 de
984 624 1025 663 la
1043 627 1186 677 parole
1218 630 1354 668 sainte
1387 642 1438 670 en
1477 644 1531 670 un
1559 632 1659 683 jour
1691 635 1744 675 de

171 676 255 718 fete
273 678 306 717 si
327 679 532 720 solennel.
555 682 661 723 C'est
680 688 888 739 pourquoi
910 688 940 727 il
960 690 1025 729 tut
1054 703 1245 732 convenu
1266 706 1365 734 avec
1395 696 1456 735 les
1486 708 1619 749 anges
1638 699 1744 751 qu'il

170 743 375 783 mourrait
394 745 431 784 le
451 746 706 800 lendemain,
723 751 806 791 3113
829 765 926 804 que,
948 757 1068 806 apres
1088 758 1206 796 avoir
1225 759 1388 800 celebre
1405 759 1663 804 t'Ascension
1683 765 1741 805 du

168 807 378 859 Seigneur
396 822 495 850 aveo
513 824 588 852 son
608 815 759 867 peuple
778 829 850 856 sur
882 818 923 858 ln
956 823 1080 869 terre,
1103 821 1131 860 it
1158 826 1233 874 put
1252 823 1292 864 la
1314 826 1515 867 terminer
1546 828 1652 868 dans
1682 829 1743 870 les

167 872 304 912 eieux.
325 873 506 926 (Sarius.
538 877 603 917 Vie
623 878 668 918 de
687 879 734 920 S.
757 881 972 936 Dunstan.)

219 940 277 979 Le
295 938 585 982 bienheureux
604 944 791 985 Bernard
812 947 862 986 de
886 950 1102 1002 Por-tugen,
1126 952 1177 992 de
1197 952 1349 994 t'ordre
1370 955 1420 996 de
1446 957 1739 1000 saint-Domi-

165 1002 309 1055 nique,
331 1005 445 1045 avait
464 1006 579 1048 eleve
600 1008 704 1049 dans
736 1011 777 1051 13
807 1013 919 1064 piete
944 1015 1055 1055 deux
1075 1018 1272 1058 candides
1304 1021 1487 1062 enfants.
1512 1023 1564 1063 lls
1595 1024 1740 1066 furent

165 1067 316 1108 invites
335 1082 411 1122 par
430 1071 767 1126 l’Enfant-Jesus‚
792 1078 864 1130 qui
896 1079 987 1119 leur
1011 1082 1164 1132 parlait
1184 1096 1261 1135 par
1283 1097 1362 1125 une
1382 1087 1432 1126 de
1459 1100 1524 1128 ses
1554 1089 1734 1142 images,

163 1144 219 1172 33
241 1133 365 1174 festin
385 1135 442 1175 du
461 1137 554 1188 ciel,
573 1142 613 1178 et
634 1152 686 1179 03
708 1142 794 1181 fixa
812 1155 919 1194 pour
939 1146 1029 1185 cela
1047 1146 1085 1186 13
1101 1147 1201 1199 jour
1215 1149 1266 1188 (13
1288 1150 1541 1193 l'Aseension
1555 1152 1610 1194 du
1632 1157 1736 1196 Sau-

163 1208 281 1237 veur.
315 1199 368 1239 115
398 1206 648 1243 moururent
678 1205 988 1249 effectivement
1019 1223 1064 1251 33
1097 1212 1277 1265 jour-la,
1299 1220 1342 1256 et
1373 1217 1513 1258 furent
1542 1221 1736 1262 conduits

163 1274 263 1302 avec
281 1263 374 1304 leur
405 1267 556 1307 1331113
576 1281 630 1308 33
653 1269 776 1310 festin
798 1272 848 1312 de
869 1273 1093 1324 l'eternite,
1118 1282 1248 1318 morts
1269 1280 1307 1319 le
1327 1282 1463 1322 meme
1477 1283 1578 1335 jour
1596 1289 1639 1325 et
1657 1298 1735 1326 en·

162 1327 309 1368 sevelis
327 1329 366 1369 le
385 1331 523 1371 meme
546 1332 661 1384 jour.
683 1336 796 1376 Nous
829 1349 961 1379 avons
992 1345 1187 1394 rapporte
1221 1344 1392 1386 31113315
1422 1351 1529 1388 33113
1560 1349 1734 1392 histoire

161 1394 254 1432 tout
273 1405 326 1433 33
346 1394 464 1447 long.
486 1396 752 1448 (Candelabre
770 1404 977 1457 mystique.
1000 1406 1066 1445 Du
1086 1407 1283 1462 Mariaqe,
1309 1411 1430 1465 ehap.
1452 1414 1559 1468 x111.)

214 1458 304 1498 Une
325 1459 469 1512 vierge
491 1462 614 1503 noble
633 1467 675 1504 et
701 1468 951 1508 tres-devote
972 1471 1098 1522 priait
1129 1473 1286 1515 devant
1305 1488 1380 1516 son
1401 1480 1588 1531 crucifixi,
1611 1482 1733 1534 apres

159 1533 243 1562 une
260 1523 429 1574 penible
449 1527 630 1568 maladie
650 1530 701 1570 de
733 1533 839 1572 neus
869 1534 976 1574 mois
997 1548 1009 1573 .-
1030 1550 1050 1574 α
1069 1538 1294 1590 83133331,
1319 1542 1562 1592 disait-elle,
1587 1547 1731 1598 quand

155 1597 225 1627 me
244 1588 514 1630 tirerez-vous
534 1593 586 1633 (13
605 1598 712 1635 33113
730 1598 901 1648 prison?
923 1600 1072 1647 Quand
1092 1605 1361 1657 paraitrai-je
1382 1608 1536 1650 <levant
1555 1612 1689 1652 vous?
1705 1627 1724 1650 n

153 1650 243 1693 Rue
263 1655 454 1696 entendit
474 1669 557 1697 333
574 1658 673 1699 voix
705 1660 765 1700 lui
785 1664 992 1715 repondre
1014 1678 1095 1718 que
1116 1668 1205 1708 3313
1225 1682 1267 1709 53
1289 1671 1414 1712 serait
1434 1674 1471 1714 le
1495 1674 1596 1726 jour
1615 1677 1666 1717 de
1686 1677 1728 1718 13

155 1715 363 1768 glorieuse
382 1721 623 1763 Ascension.
640 1725 673 1765 ll
693 1727 831 1767 arriva
850 1730 1158 1772 effectivement
1172 1734 1294 1784 ainsi,
1311 1738 1336 1775 3
1354 1750 1434 1778 333
1454 1739 1584 1780 113313
1605 1743 1728 1795 apres

151 1781 268 1832 midi,
290 1782 421 1824 heure
441 1788 466 1825 3
483 1787 665 1840 laquelle
686 1790 724 1831 le
750 1792 941 1834 Sauveur
971 1796 1019 1836 fit
1049 1809 1125 1837 son
1157 1802 1390 1842 ascension.
1413 1805 1554 1857 Voyez
1574 1818 1620 1847 33
1641 1820 1726 1860 que

148 1928 1728 1967 ἣκ-

593 138 852 184 ιἈεοειιειοκ
881 154 932 185 ne
962 155 1332 190 1101113531311303.

149 2038 245 2077 (1335
289 2051 377 2079 cum
423 2043 488 2081 Dei
532 2045 625 2092 filio,
678 2053 719 2086 ut
775 2050 913 2090 festum

150 2087 391 2126 Ascensionis
410 2092 491 2138 ejus
515 2095 716 2140 perfectius
743 2099 912 2137 celebra-

149 2139 204 2171 ret
229 2134 269 2172 in
289 2137 517 2184 Angelorum
536 2142 666 2179 choro.

195 2182 255 2219 Sic
274 2194 362 2222 eum
383 2193 536 2224 sanetus
562 2190 794 2240 Dunstanus,
813 2196 910 2231 Can-

148 2230 348 2268 tuariensis
392 2234 721 2285 Archiepiscopus‚
760 2241 801 2278 13
851 2243 911 2279 (113

145 2276 368 2317 Ascensioni
389 2292 495 2319 53310
519 2290 653 2331 013131,
677 2297 764 2324 mox
782 2288 839 2325 illi
871 2291 910 2327 13

145 2325 286 2371 templo
320 2330 443 2366 oranti
462 2330 584 2368 adfuit
609 2334 811 2372 multitudo
840 2338 909 2374 An-

144 2371 315 2424 gelorum
352 2375 560 2415 dicentium
597 2391 636 2416 se
674 2383 821 2420 venisse
861 2386 906 2420 ad

143 2417 254 2454 illum
291 2421 331 2457 13
387 2424 526 2462 coelum
574 2427 854 2476 deducendum,
875 2433 905 2468 si

142 2470 295 2511 paratus
327 2467 433 2506 soret.
467 2473 611 2516 Quibus
640 2475 707 2513 ille
737 2478 846 2523 dixit,
867 2491 906 2516 se

143 2511 295 2557 quidem
315 2522 501 2564 paratum,
522 2525 689 2560 attamen
709 2524 905 2563 obsecrare

142 2567 193 2594 ne
223 2562 300 2597 tam
331 2563 471 2601 celebri
508 2568 570 2604 die
606 2572 769 2617 populus
807 2576 904 2611 sacri

143 2605 247 2643 verbi
259 2606 397 2663 pabulo
415 2613 633 2657 privaretur.
656 2620 900 2668 Quapropter,

139 2651 222 2689 die-s
259 2665 453 2700 proximus
490 2661 571 2707 eJ'us
602 2665 818 2710 migrationi
856 2670 902 2706 ab

138 2699 292 2746 Angelis
335 2706 558 2752 praetinitur,
609 2716 649 2748 31
705 2721 901 2762 postquam

138 2746 408 2788 Ascensionem
447 2754 600 2793 Domini
637 2768 726 2796 3313
763 2766 901 2809 populo

137 2803 207 2831 suo
242 2797 465 2837 celebrasset
501 2801 541 2839 in
580 2806 702 2851 terris,
732 2809 843 2847 illum
881 2823 900 2849 e

135 2842 292 2925 ὖθεῑίεἰο
333 2847 524 2886 celebrare
567 2858 694 2898 posset
738 2856 777 2893 in
820 2869 899 2896 333-

165 2899 196 2925 s.

152 2934 242 2981 *Sic
285 2948 374 2978 3331
418 2940 549 2982 beatus
599 2946 809 2988 Bernardus
851 2953 898 2992 de

954 2055 1181 2103 Portugallia
1201 2060 1354 2098 Ordinis
1374 2066 1495 2102 sancti
1530 2067 1721 2107 Dominici

951 2103 1045 2140 duos
1064 2105 1398 2147 innocentissimos
1422 2122 1558 2158 pueros
1578 2115 1619 2152 13
1643 2117 1720 2163 pie-

954 2154 1025 2187 tate
1054 2152 1269 2200 instrueret,
1290 2157 1347 2193 illi
1385 2159 1533 2198 invitati
1571 2168 1660 2200 suut
1697 2176 1721 2203 a

952 2208 1066 2244 puero
1086 2200 1172 2238 Jesu
1201 2213 1268 2248 per
1304 2205 1508 2252 imaginem
1538 2209 1716 2256 loquente

949 2246 994 2281 ad
1016 2247 1167 2285 coeleste
1187 2252 1416 2300 convivium,
1438 2260 1474 2291 et
1505 2257 1718 2302 praetinitus

950 2293 1003 2329 cis
1023 2294 1093 2330 t'uit
1112 2296 1192 2334 dies
1221 2299 1442 2338 Ascensioni
1476 2303 1628 2344 Domini
1658 2318 1719 2344 sa·

949 2346 1087 2386 cratus,
1126 2343 1166 2380 13
1194 2356 1267 2391 quo
1304 2358 1391 2384 cum
1432 2349 1608 2398 Magistro
1646 2365 1715 2394 suo

946 2388 992 2423 ad
1012 2392 1231 2428 aeternitatis
1251 2396 1407 2440 epulum
1428 2403 1548 2436 morte
1574 2403 1715 2448 praevia

946 2441 1035 2472 sunt
1078 2437 1245 2484 deducti,
1301 2443 1432 2480 eadem
1469 2445 1530 2484 (113
1556 2451 1710 2496 mortui,

945 2483 1075 2520 eodem
1101 2487 1273 2532 sepulcro
1294 2491 1483 2530 tumulati.
1509 2494 1711 2536 Historiam

945 2530 1064 2567 rusius
1086 2534 1283 2572 retulimus
1303 2538 1408 2576 alibi.

991 2578 1187 2632 Sic-Virgo
1211 2585 1383 2628 quaedam
1415 2588 1557 2627 nobilis
1586 2596 1623 2628 31
1647 2593 1708 2631 de-

944 2626 1149 2672 10ῑί55333,
1193 2639 1281 2667 cum
1336 2643 1463 2672 coram
1519 2639 1708 2679 crucifixo

942 2678 1062 2728 oraret
1112 2681 1196 2721 post
1250 2681 1514 2726 aegritudinem
1566 2685 1706 2726 'novem

942 2729 1130 2758 menstum
1173 2727 1450 2771 asperrimam:
1482 2747 1496 2765 α
1528 2734 1703 2781 Domine,

943 2769 1090 2813 quando
1116 2780 1176 2808 me
1207 2774 1253 2809 de
1286 2774 1357 2813 1103
1389 2787 1538 2818 3313313
1571 2786 1706 2820 erues?

941 2816 1096 2858 Quando
1116 2821 1303 2866 apparebo
1322 2833 1449 2862 coram
1472 2831 1532 2864 te?
1554 2843 1568 2860 n
1591 2830 1703 2866 audi-

938 2862 991 2898 vit
1016 2874 1146 2902 vocem
1183 2867 1255 2905 sibi
1292 2874 1583 2918 respondentem
1621 2877 1702 2916 fore

938 2909 975 2945 id
996 2910 1036 2947 13
1048 2911 1109 2949 (113
1125 2913 1299 2960 gloriosae
1314 2919 1570 2958 Ascensionis.
1593 2924 1700 2967 Quod
1748 2934 1754 2938 “

935 2956 1130 2998 attactum
1161 2966 1216 2999 est
1235 2963 1345 3003 ·hora
1379 2973 1463 3014 post
1501 2970 1702 3011 meridiem
