1826 3164
189 153 269 200 626
295 144 299 151 ’
608 159 657 190 1.ss
685 157 890 191 numm.
916 137 992 189 665
1019 147 1338 189 paemen-uuus.
1803 150 1826 197 ξπ,

191 242 402 293 seigneur
419 228 621 292 comptait
638 249 684 278 sa
703 236 873 279 marche
892 239 934 278 et
961 247 1024 277 565
1054 247 1143 289 665,
1176 234 1352 276 voulant
1382 236 1678 288 recompenset
1711 244 1763 283 aa,
1815 225 1826 232 ⁴¹

189 307 302 362 piete
321 308 364 346 et
382 318 427 346 sa
446 305 763 358 perseverance.
784 303 852 352 Et,
873 313 997 355 parce
1017 313 1099 354 que
1118 304 1226 342 cette
1251 300 1367 341 fouie
1398 301 1437 341 le
1469 301 1623 342 suivait
1652 313 1762 355 pom·

190 372 308 414 avoir
328 374 423 424 part
442 372 466 410 ἐι
485 370 526 409 16
547 369 689 421 parole
708 367 780 421 qui
799 367 978 409 tombait
997 366 1048 407 de
1067 379 1114 407 56
1132 366 1310 414 bouche,
1334 378 1498 406 comme
1529 367 1554 407 ὁ,
1583 378 1642 407 nn
1660 365 1764 419 pain
1817 366 1821 371 ’

189 437 242 480 de
260 437 340 486 vie,
366 436 393 476 il
416 435 477 475 lui
496 446 673 487 procure
691 433 752 474 les
772 433 884 474 deux
902 432 1115 482 aliments,
1138 431 1246 472 celui
1265 431 1316 472 de
1337 430 1495 484 l’esprit
1514 436 1556 472 et
1573 430 1684 473 celui
1710 430 1764 475 de

189 502 419 546 l'estomac.

243 570 326 610 Par
344 568 397 617 16,
421 567 451 606 11
470 570 637 606 moutre
655 563 758 618 qu’il
779 576 831 604 ne
858 574 1043 615 manque
1071 562 1225 614 jamnis
1257 562 1308 602 de
1342 561 1545 614 pourvoir'
1572 574 1659 602 aux
1688 561 1764 606 he·-

191 633 303 675 soins
324 633 375 672 de
394 643 501 672 ceux
520 631 593 684 qui
611 631 856 683 pratiquent
874 630 915 669 la
934 629 1045 681 piete
1066 631 1108 667 et
1127 630 1307 667 mettent
1338 626 1431 668 leur
1461 627 1676 668 confiance
1709 639 1763 672 en

187 699 265 741 lui.
287 701 351 739 On
371 699 471 750 peut
489 696 528 737 le
547 707 728 749 prouver
752 707 829 747 par
848 694 985 734 divers
1005 692 1231 744 exemptas,
1254 692 1354 732 tires
1386 691 1459 731 des
1489 692 1645 733 saintes
1675 692 1764 734 let-2

190 768 275 806 tres
295 766 337 804 et
358 763 430 803 des
447 761 622 802 annales
643 761 693 800 de
713 758 901 811 l'Eglise.

244 829 379 871 Ainsi.
401 828 434 868 il⁴
449 832 612 879 comple
633 826 690 865 les
709 837 783 876 pas
803 823 935 864 d’Elie
955 825 999 863 et
1017 822 1056 862 le
1077 821 1244 862 nourrit
1263 822 1369 862 dans
1387 821 1427 862 16
1458 822 1590 863 debut
1619 835 1696 875 par
1724 823 1766 866 16

189 895 407 937 ministere
428 893 526 932 d'un
548 892 683 942 Ange,
707 891 749 930 et
769 889 905 929 meme
926 900 1003 941 par
1023 887 1131 928 celui
1150 888 1222 927 des
1242 887 1464 927 corbeaux.
1492 902 1511 926 «
1536 888 1615 929 J‘ai
1647 900 1764 930 com—

191 960 344 1002 mende
364 971 449 999 aux
468 957 678 997 corheaux
697 955 748 994 dc
775 957 815 994 te
844 953 1027 993 nourrir.
1049 951 1090 1004 <3
1106 952 1214 993 Rois.
1238 964 1340 1002 xvn,
1364 951 1421 1006 4.)
1444 968 1463 991 »
1487 954 1563 994 Les
1594 954 1766 998 enciens

189 1026 313 1076 Juifs‚
338 1024 615 1076 interpretem
636 1033 682 1060 66
701 1022 830 1069 texte,
854 1019 992 1059 disent
1012 1018 1110 1071 qu'e
1135 1019 1342 1058 certaines
1369 1018 1521 1058 heures
1552 1019 1672 1070 fixes,
1706 1031 1766 1062 un

191 1091 372 1133 corbeau
390 1087 558 1141 prenait
576 1086 627 1127 de
645 1086 687 1126 16
705 1084 857 1125 viande
877 1088 919 1123 et
939 1084 995 1124 du
1014 1083 1115 1136 pain
1142 1083 1213 1123 des
1245 1083 1423 1123 euisines
1456 1084 1513 1123 du
1539 1084 1603 1124 roi
1621 1084 1766 1128 Achab

192 1162 235 1199 et
254 1154 494 1208 l'epportait
513 1165 621 1205 pour
640 1150 961 1191 l’alimentation
980 1149 1127 1190 d'Elie.
1153 1151 1210 1189 Le
1235 1148 1440 1201 prophete
1460 1161 1502 1189 se
1521 1149 1769 1192 nourrissait

194 1222 302 1262 (1666
323 1221 373 1259 de
394 1219 436 1259 16
457 1217 698 1259 noum-iture
718 1216 876 1268 royale,
894 1215 1060 1267 malgre
1081 1214 1119 1254 16
1140 1214 1218 1254 Rei
1237 1217 1280 1254 et
1302 1216 1326 1253 ἐι
1346 1226 1421 1253 566
1435 1214 1544 1263 insu,
1561 1214 1671 1254 alors
1685 1226 1768 1268 que

193 1287 234 1328 16
253 1286 409 1326 famine
429 1284 597 1336 regnait
618 1283 723 1322 dans
744 1282 784 1322 le
804 1281 958 1321 monde
979 1280 1114 1320 entier
1134 1283 1174 1319 et
1201 1279 1416 1331 qu’Aehab
1447 1279 1698 1331 persecutait
1728 1280 1769 1325 le

193 1351 397 1407 prophete
416 1350 520 1390 Elie.
543 1348 716 1388 Perlant
736 1347 786 1387 de
807 1359 851 1387 66
873 1345 1270 1394 661·1)666,86(161165
1291 1345 1352 1384 dit
1372 1344 1766 1396 ingenieusement:

198 1434 219 1455 «
239 1418 506 1459 Maintenant
524 1414 607 1454 bon
629 1418 670 1453 et
689 1413 812 1453 fidele
831 1424 938 1464 pour
957 1410 1061 1460 Elio,
1083 1411 1122 1451 le
1141 1410 1335 1458 corbeau,
1366 1411 1439 1463 qui
1470 1410 1535 1450 fut
1565 1410 1770 1455 autrefois

194 1483 395 1524 mechaut
416 1493 523 1533 pour
542 1480 645 1530 Noe,
669 1478 797 1518 efface
817 1477 858 1517 16
877 1476 1080 1516 souillure
1099 1477 1336 1515 contractee
1364 1475 1446 1515 lors
1477 1475 1529 1516 de
1559 1475 1768 1517 l'inonda-

194 1549 307 1590 tions
327 1547 398 1587 des
418 1558 529 1587 eaux
548 1545 604 1584 du
624 1543 790 1595 deiuge.
816 1540 1025 1595 (Pasckate
1044 1553 1156 1594 opus.
1185 1540 1255 1580 liv.
1279 1552 1309 1591 1,
1338 1539 1452 1594 elzap.
1487 1540 1574 1594 13.)
1604 1555 1626 1577 »
1661 1540 1771 1583 C’est

195 1626 360 1654 comme
380 1611 445 1652 s'il
466 1610 590 1651 disait
613 1622 621 1649 :
645 1611 700 1650 Le
721 1608 901 1649 corbeau
922 1620 974 1647 ne
995 1607 1132 1647 revint
1153 1618 1225 1658 pas
1251 1618 1343 1646 vers
1376 1607 1477 1655 Noe,
1511 1609 1554 1646 et
1585 1606 1768 1647 meinte-

196 1684 302 1719 nant
322 1678 351 1718 il
372 1677 534 1718 revient
554 1687 646 1715 vers
665 1674 769 1723 Elie,
793 1684 956 1714 comme
975 1684 1081 1724 pour
1100 1671 1243 1724 expier
1263 1674 1304 1711 61
1324 1673 1494 1723 reparer
1513 1683 1587 1711 son
1621 1671 1770 1724 ingra-

197 1744 332 1785 titude
353 1742 619 1795 precedente.
642 1739 673 1779 11
694 1738 831 1778 661611
850 1738 1160 1778 effectivement
1179 1737 1236 1776 dn
1255 1739 1475 1788 rapporter
1494 1749 1552 1776 un
1578 1748 1772 1790 message

198 1811 224 1851 ὸ,
243 1810 328 1849 Noe
351 1808 422 1860 qui
443 1806 584 1846 l’avait
621 1803 783 1852 nourri‚
824 1815 899 1855 per
936 1802 1119 1855 quelque
1157 1801 1346 1854 symbole
1384 1801 1574 1842 d'olivier
1605 1814 1659 1842 ou
1692 1814 1771 1844 au-

197 1878 445 1922 tre,comme
465 1871 503 1911 le
523 1871 572 1911 fit
591 1871 631 1910 16
651 1868 965 1919 colombe‚mais
985 1867 1015 1907 il
1035 1870 1203 1919 montru
1225 1867 1273 1907 (16
1294 1866 1768 1919 l'ingretitude‚quend,

199 1938 453 1980 s'attachant
471 1949 556 1976 aux
575 1935 786 1983 cadavrcs,
808 1933 838 1973 il
872 1946 923 1973 ne
954 1944 997 1972 se
1029 1932 1198 1972 souvint
1229 1933 1321 1984 plus
1353 1932 1404 1972 de
1435 1944 1481 1972 sa
1517 1932 1773 1985 precedente

197 2015 1774 2032 —————————————-·-————-——-

200 2070 385 2108 Dominus
404 2067 558 2112 vestigia
579 2070 614 2103 et
635 2076 783 2114 gressus
795 2065 965 2102 dinume·
1004 2063 1132 2100 Achab
1149 2073 1301 2100 curnem
1322 2068 1356 2099 ct
1383 2073 1520 2110 panem
1553 2062 1770 2110 abstulisse,

200 2116 305 2156 rabat
339 2116 623 2154 retributionem
655 2114 809 2150 daturus
838 2112 966 2159 pietati
1005 2112 1105 2148 etad
1127 2111 1218 2148 Elian
1238 2111 1464 2148 alimentum
1494 2110 1678 2149 attulisse.
1710 2110 1773 2150 Sic

200 2170 236 2203 ct
256 2163 556 2213 perseverantiae.
580 2165 622 2198 Et
642 2172 729 2198 cum
758 2171 964 2207 sequeren-
1007 2159 1144 2196 saetum
1166 2163 1235 2200 est,
1258 2163 1296 2195 ut
1318 2158 1424 2195 Vates
1446 2158 1530 2195 cibo
1553 2159 1653 2206 regio
1686 2169 1772 2196 ves-

200 2218 261 2251 tur
302 2217 339 2249 ut
380 2211 541 2249 Verbum
581 2211 678 2256 quod
707 2221 750 2246 ex
789 2220 854 2245 ere
886 2208 966 2254 eJus

199 2261 432 2309 procederet,
473 2264 648 2304 tunquam
701 2267 838 2303 punem
883 2257 966 2292 vita&

200 2308 485 2356 participarent,
523 2306 601 2353 ipse
634 2305 679 2341 (16
712 2309 866 2349 utraque
893 2304 964 2340 uli-

202 2356 329 2394 mouia
352 2354 536 2402 providet,
558 2352 726 2399 corporis
755 2351 900 2388 scilieet
931 2357 966 2387 et

199 2405 335 2445 animi,
359 2402 511 2446 1666115,
534 2406 569 2437 61
591 2400 743 2436 ventris.
764 2400 880 2446 Atque
902 2409 966 2445 per

201 2451 272 2489 hoc
295 2450 432 2488 indicet
457 2459 650 2495 nunquam
673 2459 712 2483 se
737 2447 866 2483 deesse
897 2458 964 2482 ne-

200 2498 362 2535 cessitati
385 2508 513 2534 eorum
536 2497 599 2544 qui
621 2496 795 2542 pietatem
815 2498 963 2530 sectan-

200 2549 276 2589 tur,
298 2551 332 2580 et
354 2547 391 2582 in
427 2546 506 2591 lpse
544 2543 721 2580 liducilun
760 2541 962 2579 collocant.

200 2593 306 2639 Quod
323 2593 434 2628 variis
453 2603 558 2629 exem
578 2591 651 2632 ›lis.
674 2595 751 2627 tum
773 2600 817 2626 ex
851 2588 967 2625 sacris

201 2639 349 2683 litteris,
369 2644 447 2675 tum
470 2651 513 2675 ex
551 2637 824 2676 ecelesiasticis
846 2636 965 2674 histo-

200 2688 266 2726 riis
286 2686 467 2724 deelurnri
490 2691 622 2732 polest.

247 2734 307 2772 Sic
329 2733 420 2773 Elim
440 2744 589 2777 gressus
610 2733 838 2777 dinumerat,
857 2740 963 2767 eum·

201 2794 273 2831 quc
295 2782 333 2820 in
355 2782 501 2819 desorto
532 2781 646 2817 retici!
699 2791 750 2816 »er
766 2778 965 2825 Angelum,

202 2831 321 2880 665611
358 2840 422 2877 per
449 2838 617 2866 eorvuln.
643 2844 655 2859 α
700 2826 853 2873 ’meet-pi
879 2837 964 2863 cer—

203 2878 256 2916 vis
279 2883 316 2914 ut
342 2881 498 2924 pascunt
537 2880 584 2913 te.
625 2894 638 2910 ι
682 2878 800 2920 Quem
841 2873 964 2911 locum

202 2926 492 2972 interpretantes
504 2922 647 2968 antiqui
666 2921 965 2967 ilelnrml‚‹lieunt

200 2983 357 3013 curvum
379 2972 489 3010 certis
512 2970 614 3010 horis
643 2981 663 3009 6
695 2969 823 3008 culina
857 2967 965 3017 Regis

1005 2211 1164 2250 ceretur,
1188 2206 1267 2252 ipso
1289 2206 1386 2250 Rege
1416 2206 1533 2243 invito
1565 2210 1602 2242 et
1633 2206 1771 2253 inscio,

1005 2265 1092 2291 cuin
1137 2255 1253 2290 sumes
1291 2253 1371 2289 orbi
1422 2254 1696 2299 ‹ionnnaretur,
1733 2257 1771 2292 et

1006 2301 1131 2339 Achai)
1155 2302 1220 2338 l'ro
1253 2300 1375 2336 1161616
1410 2301 1532 2336 Elium
1564 2311 1769 2347 6615666-

1006 2354 1118 2386 retur.
1153 2349 1202 2384 Dc
1226 2312 1294 2384 Hoc
1316 2349 1427 2384 etium
1449 2358 1560 2385 corvo
1584 2347 1682 2386 subii
1702 2348 1772 2387 iter

1004 2397 1095 2433 dicit
1115 2396 1288 2432 sedulius
1320 2395 1344 2431 Ι.
1374 2395 1408 2432 l.
1457 2395 1587 2432 Puseh.
1627 2406 1661 2433 c.
1707 2395 1771 2436 13.

1009 2459 1021 2477 ι(
1048 2443 1156 2482 Nunc
1179 2443 1269 2480 Elim
1290 2454 1423 2479 cervus
1445 2443 1566 2480 bonus
1585 2453 1630 2480 ac
1656 2443 1771 2490 fidus,

1005 2490 1067 2538 qui
1090 2491 1167 2527 Noe
1186 2491 1375 2538 quendam
1398 2491 1533 2538 166165,
1547 2490 1665 2528 abluit
1686 2491 1773 2529 eul-

1005 2550 1090 2585 pnm
1113 2539 1362 2575 inundatione
1387 2549 1570 2585 uquarum
1594 2542 1773 2577 contrac-

1006 2592 1094 2623 tum.
1127 2603 1139 2620 »
1175 2586 1286 2631 Quasi
1319 2586 1444 2623 dicut:
1465 2588 1604 2624 Corvus
1623 2586 1669 2624 ud
1691 2585 1772 2625 Noe

1006 2645 1081 2671 non
1118 2634 1185 2671 suit
1217 2644 1402 2678 reversus,
1424 2644 1529 2670 nune
1561 2634 1609 2671 ud
1645 2633 1772 2673 Ellam

1007 2682 1214 2727 revertitur,
1246 2682 1350 2728 quusi
1391 2681 1589 2728 pristinam
1617 2680 1657 2718 in
1686 2681 1773 2719 ruti·

1007 2730 1175 2767 tudinem
1221 2729 1410 2773 castigans
1454 2733 1489 2766 ot
1544 2691 1769 2766 emenganS.

1008 2776 1203 2814 Debuisset
1216 2777 1319 2813 enim
1342 2787 1406 2824 per
1436 2776 1589 2823 aliquod
1619 2774 1770 2822 symbo-

1007 2825 1084 2862 lum
1116 2827 1197 2872 (per
1227 2823 1365 2861 olivum
1399 2828 1463 2861 aut
1501 2823 1591 2871 quid
1628 2822 1770 2869 simile)

1006 2873 1142 2911 1616116
1177 2871 1352 2910 nuntium
1374 2870 1453 2909 Noe
1473 2871 1536 2919 qui
1562 2880 1649 2908 eum
1669 2870 1772 2910 alue-

1007 2924 1072 2966 161,
1095 2919 1192 2957 51661
1213 2919 1300 2957 fecit
1319 2918 1520 2964 coluinba;
1553 2918 1620 2957 sed
1639 2919 1776 2974 ingre*

1005 2967 1204 3006 titudinem
1225 2966 1403 3014 ostendit,
1418 2966 1510 3005 dum
1523 2964 1778 3010 cadaveribus
