1832 3172
1579 165 1660 206 279

141 260 351 314 Quoiqu'il
369 272 422 300 en
441 259 520 300 soit
549 261 592 299 81
623 257 675 298 88
705 256 888 309 quelque
909 253 1098 294 18881818
1131 264 1212 305 que
1245 254 1355 292 cette
1387 251 1659 293 88888181188

88 328 148 368 811
175 329 240 368 818
269 326 448 374 donne-e,
470 323 581 363 11851
612 321 783 362 evident
815 331 898 372 que
918 321 1025 359 cette
1056 317 1264 357 elevation
1298 316 1370 356 des
1401 316 1538 356 mains
1556 329 1582 355 8
1602 317 1661 357 du

87 390 334 446 symboliser
352 389 394 429 18
413 388 526 428 croix
546 390 588 428 et
608 386 667 426 les
686 385 811 425 fruits
829 385 880 425 de
912 384 953 424 18
979 383 1110 433 croix,
1132 395 1184 423 en
1205 384 1315 422 sorte
1348 393 1447 434 que,
1468 381 1510 420 18
1528 381 1660 421 8888-

87 457 244 499 8181188
263 454 366 508 qu’il
386 452 499 494 avait
518 452 678 493 (188888
700 462 800 491 avec
829 449 890 490 les
921 449 1057 489 mains
1078 448 1280 488 81888885
1300 459 1372 486 sur
1391 446 1430 486 18
1451 446 1572 485 11888
1593 458 1660 486 58-

87 519 271 564 88188181
301 519 352 559 88
383 518 425 559 18
456 518 586 565 croix,
607 517 637 556 it
658 516 698 556 18
718 517 862 568 repete
881 526 932 555 en
952 514 1138 566 quittant
1171 525 1235 552 ses
1266 511 1448 552 ensents.
1470 511 1523 550 Et
1553 513 1662 551 cette

86 583 349 628 benediction
370 583 434 623 fut
453 583 487 622 si
507 581 678 622 81118888
698 592 781 633 que
802 578 1142 619 non-seulement
1166 577 1224 617 les
1244 578 1423 630 Apotres
1442 575 1552 615 81815
1571 577 1663 628 pre-

86 653 210 702 senis,
231 649 336 690 mais
356 660 506 688 encore
526 648 585 687 les
605 648 804 698 martyrs,
826 644 886 685 les
918 645 1092 697 pretreS‚
1119 643 1177 682 185
1198 642 1363 694 vierges
1383 645 1425 682 et
1446 644 1583 681 toutes
1602 640 1663 681 les

87 717 200 758 &mes
219 715 333 755 81885
348 713 519 766 jusqu’a
538 713 578 752 18
598 712 656 752 fin
677 711 749 751 des
770 716 922 763 temps,
943 710 1243 762 participereut
1263 709 1288 746 8
1306 719 1351 746 58
1370 710 1507 746 vertu.
1525 705 1660 757 Ainsi,

31 803 45 837 g
86 781 184 822 c'est
201 791 254 821 88
271 782 392 820 vertu
413 779 464 818 de
485 779 593 818 cette
624 776 891 816 benediction
910 786 993 827 que
1014 773 1073 814 185
1094 774 1270 826 Apolres
1301 775 1344 811 et
1373 771 1486 810 leurs
1506 782 1663 810 succes·

85 857 202 888 88815
217 845 322 885 (1885
351 843 389 883 18
424 843 640 883 ministere
672 841 935 894 apostolique
967 839 1232 890 enseignent,
1254 836 1470 890 preehent,
1491 847 1664 875 conver-

498 168 755 211 L’Ascssnsmu
785 177 836 207 DE
865 175 1223 208 NOTRE-SEIGNEUR
1230 194 1238 202 .

85 911 234 952 1155881
253 910 291 950 18
312 909 480 958 188888,
513 910 686 961 operent
717 907 790 947 des
822 905 1034 959 prodigeS,
1056 904 1249 943 chassent
1279 903 1338 942 les
1370 901 1559 952 8818885,
1581 912 1663 941 185-

85 976 284 1018 suscitent
302 975 361 1015 les
380 977 512 1014 morts
543 976 586 1013 et
619 972 884 1024 remplissent
903 974 1041 1010 188185
1061 969 1120 1009 185
1140 968 1349 1008 fonctions
1381 966 1432 1007 (18
1464 967 1557 1006 leur
1588 966 1666 1006 mi·

86 1041 258 1082 8151818.
280 1039 388 1081 c’est
406 1052 459 1079 en
480 1042 602 1079 vertu
624 1038 674 1077 de
695 1040 802 1077 cette
822 1034 1090 1076 88888181188
1117 1046 1198 1087 que
1230 1033 1290 1073 les
1311 1033 1491 1084 Martyrs
1513 1031 1662 1070 triom-

87 1106 220 1159 phent
239 1106 311 1146 des
330 1109 489 1157 tyrans,
508 1104 580 1144 des
600 1105 849 1150 1881188815,
865 1101 916 1141 de
937 1100 977 1140 18
998 1103 1124 1140 mort.
1147 1099 1256 1139 C'est
1275 1110 1326 1138 en
1348 1100 1470 1137 vertu
1485 1097 1536 1137 (18
1555 1099 1666 1136 88118

19 1215 21 1217 ,
86 1170 355 1211 88888181188
376 1181 456 1221 que
476 1169 535 1208 185
555 1168 722 1208 Ρ181185
753 1170 796 1207 81
827 1166 887 1206 185
920 1165 1143 1216 Religieux
1165 1163 1435 1215 s'acquittent
1467 1162 1517 1202 de
1550 1161 1666 1201 leurs

87 1235 297 1276 fonctions
316 1235 421 1274 8885
440 1234 482 1274 18
502 1234 611 1285 piete
632 1236 673 1272 et
692 1232 797 1271 (1885
829 1231 869 1271 18
900 1230 1092 1270 58181818.
1116 1228 1222 1268 C'est
1242 1240 1295 1268 en
1316 1230 1438 1267 vertu
1469 1226 1522 1266 de
1553 1229 1664 1266 cette

86 1299 354 1341 benediction
375 1311 455 1351 que
487 1298 546 1338 les
566 1298 740 1349 Vierges
761 1298 1020 1348 remportent
1040 1294 1079 1334 18
1098 1293 1271 1334 victoire
1292 1305 1362 1332 sur
1395 1292 1437 1332 18
1468 1291 1601 1342 cheir,
1623 1290 1665 1332 le

88 1365 243 1406 monde
263 1368 306 1406 et
326 1365 471 1405 Satan.
487 1364 595 1404 C’est
614 1375 667 1402 88
687 1364 807 1402 vertu
822 1361 872 1400 de
888 1362 995 1400 cette
1015 1358 1283 1399 88888181188
1300 1369 1381 1410 que
1402 1357 1461 1397 les
1481 1357 1663 1408 Fitleles,

73 1431 211 1484 ·apres
231 1442 313 1470 888
332 1430 397 1469 vie
418 1428 569 1479 sainte,
592 1428 685 1467 font
703 1438 788 1466 une
807 1426 947 1465 bonne
969 1427 1079 1464 mort
1112 1427 1153 1464 81
1184 1423 1433 1463 8811888881
1453 1422 1503 1461 de
1523 1421 1669 1462 suivre

89 1495 133 1536 18
148 1495 241 1535 voie
261 1494 334 1548 qui
353 1493 525 1533 8888811
556 1505 609 1532 88
641 1492 734 1542 8181,
757 1493 812 1531 οὺ
840 1490 890 1530 ils
908 1490 1160 1542 participent
1179 1491 1203 1528 8
1223 1488 1264 1528 18
1286 1487 1420 1539 gleire
1451 1487 1502 1526 88
1527 1487 1667 1527 Jesus-

90 1559 242 1602 Christ.
264 1559 401 1607 Aussi,
424 1558 724 1611 quelques-uns
750 1560 929 1609 pensent
948 1566 1031 1607 que
1062 1552 1339 1594 Jesus-Christ
1370 1564 1395 1591 8
1425 1551 1619 1604 employe
1639 1553 1667 1592 8

34 1619 37 1642 ²
89 1636 136 1666 88
155 1627 342 1665 moment
361 1624 433 1663 des
453 1622 618 1675 paroles
638 1634 692 1662 88
718 1621 855 1661 moins
883 1619 1170 1672 equivalentes
1190 1620 1213 1657 8
1233 1620 1339 1658 88118
1358 1616 1628 1657 8888818ῐί88
1651 1629 1666 1656 t

88 1703 116 1729 u
134 1691 236 1731 Pere
257 1689 381 1739 saint,
403 1700 624 1729 conservez
644 1699 752 1740 pour
772 1689 890 1726 votre
911 1697 1011 1725 nom
1031 1697 1137 1725 ceux
1158 1695 1239 1736 que
1259 1695 1363 1722 vous
1387 1680 1544 1722 m'avez
1564 1681 1667 1721 don·

89 1756 180 1806 885,
200 1754 287 1795 afin
308 1753 430 1808 qu’ils
451 1754 587 1793 soient
606 1766 665 1792 un
691 1763 854 1792 comme
885 1763 1006 1790 nous.
1028 1751 1123 1790 Mon
1143 1751 1262 1798 Pere,
1282 1749 1325 1800 je
1345 1747 1479 1788 desire
1501 1758 1600 1800 que,
1622 1747 1665 1787 18

23 1822 25 1827 “
89 1821 147 1861 ou
159 1819 204 1872 je
223 1820 323 1866 suis.
345 1831 450 1859 ceux
470 1830 551 1871 que
573 1830 675 1858 vous
696 1817 854 1857 m'avez
875 1816 1033 1856 donnes
1053 1815 1187 1855 581881
1208 1813 1319 1854 88551
1336 1825 1438 1854 avec
1457 1812 1560 1863 moi,
1575 1811 1665 1852 8118

91 1884 216 1939 qu’ils
234 1884 521 1937 contemplent
541 1895 612 1923 ma
633 1883 781 1935 gloire.
807 1880 933 1935 (Jean.
957 1892 1060 1930 xvn,
1084 1882 1130 1920 ss
1155 1883 1196 1920 et
1214 1878 1297 1932 24.)
1318 1895 1336 1916 n

895 2029 1088 2066 doemonia
1127 2028 1296 2074 ejiciunt,
1331 2031 1501 2063 mortuos
1541 2025 1666 2062 susei-

896 2082 989 2121 tant,
1012 2081 1048 2113 et
1086 2086 1202 2112 omne
1239 2085 1333 2122 opus
1360 2074 1562 2110 ministerii
1604 2072 1665 2108 sui

895 2128 1091 2171 peragunt,
1116 2123 1257 2160 Virtute
1277 2132 1426 2169 quoque
1445 2121 1549 2156 illius
1570 2120 1666 2157 Mar-

897 2178 996 2218 tyres
1023 2172 1069 2208 de
1102 2171 1286 2216 tyrannis,
1307 2170 1353 2205 de
1384 2168 1597 2212 tormentiS,
1618 2167 1668 2204 de

898 2223 1016 2256 morte
1060 2218 1308 2264 triumphant.
1366 2217 1509 2252 Virtute
1559 2214 1666 2251 illius

91 2033 158 2071 8111
197 2032 371 2079 denique
414 2031 633 2069 cancellatis
682 2029 858 2066 manibus

93 2079 346 2124 benedixisse,
367 2079 464 2116 sicut
484 2079 575 2115 olim
603 2077 717 2115 Jacob
741 2077 856 2114 benc-—

93 2128 190 2166 dixit
208 2127 388 2175 Ephraim
408 2132 443 2163 et
464 2127 648 2163 Manasse.

142 2175 238 2220 Quid
267 2175 330 2212 uid
350 2175 412 2220 sit,
433 2178 468 2211 et
484 2183 720 2221 quacumque
741 2172 856 2209 ratio—

95 2233 144 2260 ne
162 2222 229 2260 itta
242 2186 466 2259 (benedictio
485 2222 582 2258 facta
618 2222 743 2266 fuerit,
778 2230 857 2256 non

94 2271 216 2318 poluit
233 2281 311 2307 non
331 2270 546 2315 symbolum
567 2269 690 2305 818815
712 2268 753 2304 18
774 2278 856 2304 188-

94 2317 208 2355 81885
227 2318 379 2355 elevatis
398 2317 674 2364 repraesentari,
702 2317 858 2352 fructus-

95 2375 168 2412 que
187 2366 312 2402 crucis
332 2376 396 2411 per
417 2375 500 2401 eam
533 2364 719 2406 derivari;
742 2363 792 2399 ita
819 2366 859 2398 ut

97 2411 401 2449 benedictionem
420 2422 532 2458 quam
565 2412 605 2448 in
636 2410 761 2448 crucis
797 2421 858 2445 sa-

98 2459 276 2496 cerdolali
320 2459 455 2496 throno
492 2459 643 2495 dederat
683 2458 860 2504 expansis

97 2506 290 2551 manibus,
317 2507 396 2552 jam
439 2509 580 2552 repetat
605 2506 803 2542 discedens
839 2516 860 2539 8

98 2552 202 2590 filiis.
224 2554 268 2589 Et
295 2554 375 2590 haec
411 2552 624 2590 benedictio
659 2553 754 2589 8888
792 2552 861 2588 l'uit

98 2599 248 2643 efficax,
264 2604 303 2636 ut
322 2601 425 2637 illius
453 2600 626 2636 virtutem
664 2599 863 2646 participa·

99 2648 176 2685 rint
195 2657 274 2684 non
293 2647 415 2684 solum
443 2647 607 2693 Apostoli
640 2651 731 2684 1888
762 2657 861 2693 prae-

99 2700 239 2741 sentes,
261 2695 325 2731 sed
346 2695 457 2731 etiam
481 2695 672 2740 Martyres,
689 2695 865 2731 Sacerdo-

99 2746 170 2787 tes,
190 2742 443 2788 Conl'essores,
458 2742 644 2787 Virgines,
657 2751 864 2787 omnesque

98 2791 240 2828 animae
253 2790 382 2826 etectae
395 2799 513 2836 usque
534 2789 574 2825 18
589 2789 703 2825 linem
719 2788 861 2825 saeculi.

100 2838 231 2885 Itaque
251 2836 432 2884 Apostoli,
454 2840 491 2873 et
509 2846 639 2872 eorum
671 2836 714 2872 in
734 2835 866 2872 minis·

101 2885 196 2922 terio
215 2895 321 2922 sacro
341 2894 591 2928 successores,
606 2883 742 2919 virtute
761 2883 866 2919 illius

102 2931 380 2970 benedictionis
431 2932 582 2974 docent,
645 2930 865 2976 praedicant,

100 2980 235 3018 orbem
248 2983 488 3024 convertunt,
504 2978 689 3016 miracula
700 2982 865 3026 patrant,

896 2266 1115 2303 Sacerdotes
1140 2271 1175 2302 et
1203 2264 1377 2311 Religiosi
1409 2264 1448 2299 in
1470 2264 1607 2310 pietate
1626 2266 1664 2299 et

897 2313 1149 2350 sanctimonia
1185 2323 1345 2349 munera
1394 2322 1460 2347 5118
1502 2310 1662 2347 obeunt.

899 2362 1039 2398 Virtute
1077 2361 1180 2396 illius
1216 2360 1387 2406 Virgines
1436 2359 1482 2394 de
1531 2367 1665 2403 carne,

899 2409 1056 2452 mundo,
1075 2409 1224 2453 satana,
1241 2407 1436 2443 victoriam
1452 2409 1659 2452 reportant.

900 2457 1042 2493 Virtute
1063 2456 1165 2492 illius
1187 2455 1331 2491 Fideles
1361 2458 1443 2500 post
1463 2454 1565 2500 piam
1602 2452 1665 2491 vi-

901 2509 976 2540 tam
990 2504 1139 2540 felicem
1159 2507 1319 2539 mortem
1340 2502 1601 2548 adipiscuntur
1626 2504 1664 2537 81

899 2552 939 2588 18
977 2551 1117 2588 coelum
1155 2550 1255 2586 viam
1304 2550 1590 2592 nanciscuntur,
1629 2552 1668 2585 et

900 2609 989 2636 cum
1032 2598 1179 2634 Christo
1231 2597 1361 2644 gloriae
1415 2596 1663 2633 consortium.

902 2646 1007 2683 Unde
1050 2645 1203 2692 quidam
1250 2645 1346 2681 hanc
1389 2649 1453 2680 aut
1500 2643 1666 2680 similem

902 2698 1034 2740 putant
1054 2694 1168 2729 l'uisse
1181 2692 1316 2728 Christi
1330 2691 1637 2728 benedictionem
1653 2701 1663 2726 :

906 2756 919 2773 u
943 2741 1050 2777 Pater
1069 2745 1212 2783 sancte,
1234 2749 1337 2776 serva
1357 2750 1422 2776 885
1441 2740 1480 2776 18
1508 2739 1669 2776 nomine

904 2793 965 2824 tuo
980 2799 1074 2835 quos
1104 2788 1239 2824 dedisti
1260 2787 1369 2831 mibi,
1390 2791 1430 2824 ut
1449 2787 1525 2823 5181
1545 2795 1667 2822 88818

902 2836 999 2872 51881
1019 2840 1051 2872 81
1073 2846 1157 2872 885.
1173 2835 1292 2879 Ρ8181·,
1309 2845 1404 2880 quos
1418 2834 1556 2871 dedisti
1571 2832 1668 2869 mihi

903 2883 987 2920 volo
1014 2887 1054 2919 ut
1085 2883 1150 2920 ubi
1188 2893 1256 2930 ego
1295 2893 1380 2919 sum
1418 2887 1454 2919 et
1492 2882 1549 2918 illi
1591 2881 1668 2916 sint

902 2940 1080 2976 mecum,
1145 2935 1186 2967 ut
1243 2930 1395 2967 videant
1455 2929 1667 2966 claritatem

902 2988 1042 3022 meam,
1065 2993 1080 3011 n
1103 2977 1295 3015 Christum
1321 2979 1426 3015 enim
1465 2973 1669 3022 Discipulis
