1826 3164
437 211 661 258 curcumitu
686 217 900 251 »mucan
927 208 1056 251 arnas
1083 218 1135 250 u
1165 217 1413 250 rnna-acore.
1630 209 1711 257 ⁸⁹1

685 384 840 430 MEME
871 364 1190 429 DIMANCHE.'

895 530 1019 584 Ort-mis
1036 539 1106 584 ,qut
1137 531 1298 563 irascitur
1324 531 1436 571 fratri
1459 539 1532 572 suo,
1551 539 1631 564 reus
1648 531 1716 566 erit

891 577 1100 666 Qssssffig'sse
1121 624 1247 657 s'irrite
1268 628 1392 658 contre
1412 634 1479 659 son
1508 625 1612 666 fiere,
1635 635 1716 662 sera.

933 672 1132 705 condamne
1151 681 1217 714 par
1234 672 1265 705 le
1285 673 1482 714 jugement,

768 719 950 763 (Evanqile
968 719 1061 753 selon
1076 720 1168 752 saint
1187 720 1368 760 Muttlaieu,
1386 720 1484 763 elzap.
1499 731 1533 762 v,
1553 731 1585 754 υ.
1602 722 1672 765 222)

197 853 415 894 1⁰¹P01N'r.
437 875 490 882 —
510 852 873 905 Notre-Seigneur
898 853 1180 894 Jesus-Christ
1211 866 1317 893 nous
1348 855 1501 895 avertit
1532 859 1574 895 et
1605 867 1713 897 nous

143 917 311 959 stimule
331 917 502 958 d’abord
521 917 647 958 d’une
667 917 856 958 manicre
879 918 1077 970 generale
1110 919 1134 958 a
1163 918 1203 958 la
1234 925 1354 958 vertu
1383 923 1424 959 et
1445 921 1469 959 a
1488 919 1530 960 la
1548 920 1711 973 perfec-

144 982 251 1034 tion‚
261 995 315 1024 en
334 983 530 1036 exigeant
549 983 601 1023 de
615 995 721 1023 nous
739 995 824 1023 une
837 983 988 1035 justice
1007 983 1100 1035 plus
1115 983 1295 1036 parfaite
1309 987 1351 1024 et
1365 985 1458 1036 plus
1472 985 1713 1027 abondante

143 1060 225 1102 que
244 1049 347 1088 celle
367 1049 439 1088 des
459 1047 622 1088 Scribas
641 1051 683 1088 et
703 1048 775 1088 des
794 1047 1046 1098 Pharisiens‚
1059 1048 1143 1088 ufin
1160 1061 1240 1101 que
1255 1049 1428 1090 l’entree
1442 1062 1495 1090 au
1510 1062 1713 1103 royaume

141 1112 214 1154 des
233 1113 355 1154 cieux
373 1126 478 1153 nous
498 1113 578 1154 soit
597 1116 768 1154 ouverte
787 1113 880 1166 plus
893 1114 1120 1154 surement.

196 1179 309 1229 Puis,
326 1179 355 1219 11
375 1181 534 1220 enonce
548 1179 750 1232 quelques
763 1179 1044 1232 propositions
1058 1183 1099 1219 et
1113 1180 1392 1232 explicatioris
1406 1181 1711 1235 particulieres‚

141 1243 228 1285 afin
244 1244 296 1285 de
315 1248 505 1286 montrer
524 1256 577 1285 en
597 1245 698 1298 quoi
727 1244 906 1285 consiste
939 1248 1044 1285 cette
1060 1245 1213 1296 justice
1246 1248 1286 1284 et
1319 1249 1426 1286 cette
1457 1246 1711 1299 perfection,

142 1308 246 1363 qu'il
264 1310 389 1363 exige
408 1310 459 1351 de
477 1322 597 1350 nous.

198 1377 239 1415 1⁰
259 1375 294 1415 11
314 1375 561 1416 commende
580 1375 630 1415 de
650 1387 805 1428 couper
836 1378 953 1415 toute
984 1375 1120 1415 colere
1153 1376 1411 1416 immoderee
1437 1376 1635 1430 jusqu'en
1667 1389 1715 1420 sa

144 1440 301 1492 racine,
322 1439 576 1482 c'est-a-dire
591 1440 790 1494 jusqu'au
809 1444 1079 1481 mouvement
1099 1441 1305 1481 interieur
1324 1441 1450 1482 d'une
1483 1444 1577 1483 ame
1605 1443 1713 1484 mal-

143 1506 359 1547 veillante.

198 1572 241 1610 2⁰
260 1571 295 1611 Il
308 1574 406 1611 veut
427 1583 508 1624 que
527 1571 568 1611 la
587 1570 909 1624 concupiscence
928 1571 1009 1611 soit
1028 1571 1282 1623 comprimee
1315 1575 1357 1611 et
1388 1574 1545 1626 coupee
1560 1573 1718 1627 jusque

143 1635 250 1676 dans
268 1636 311 1676 la
331 1636 544 1676 mauvaise
563 1639 714 1688 pensee
734 1636 791 1675 du
811 1648 940 1675 coeur.

197 1703 240 1742 3⁰
260 1701 294 1742 11
327 1701 515 1742 ordonne
547 1701 598 1742 de
628 1701 872 1741 retrancher
907 1705 1020 1741 toute
1053 1701 1245 1740 occasion
1278 1701 1329 1741 de
1360 1702 1507 1754 peche,
1529 1714 1582 1743 en
1603 1707 1715 1745 sorte

144 1778 227 1821 que
245 1766 280 1807 si
297 1766 340 1807 la
359 1767 476 1807 main
508 1767 643 1807 droite
676 1766 918 1817 scandalista,
941 1766 971 1805 il
1005 1766 1097 1806 faut
1127 1766 1169 1805 la
1201 1779 1355 1819 couper
1387 1773 1428 1807 et
1460 1768 1501 1807 la
1528 1769 1641 1820 Jeter
1660 1781 1716 1811 au

145 1830 248 1883 loin,
272 1831 531 1873 &est-a-dire
551 1844 647 1885 que,
665 1831 848 1885 quelque
878 1831 1033 1884 proche
1066 1834 1107 1871 et
1139 1833 1372 1872 neccssaire
1402 1833 1559 1885 qu’une
1591 1833 1716 1875 chose

144 1909 251 1938 nous
280 1897 374 1948 soit,
392 1898 427 1937 si
457 1898 536 1938 elle
563 1910 671 1938 nous
702 1900 789 1937 met
817 1909 869 1937 en
901 1897 1007 1950 peril
1038 1897 1088 1937 de
1121 1898 1264 1949 peche,
1303 1898 1333 1937 il
1365 1903 1465 1939 veut
1497 1912 1579 1952 que
1610 1912 1718 1940 nous

147 1960 415 2015 l’eloignions
433 1965 476 2002 et
496 1974 576 2014 que
596 1975 702 2002 nous
721 1962 762 2001 la
781 1962 977 2014 rejetions
997 1962 1096 2002 bien
1118 1962 1204 2001 loiu
1225 1963 1275 2002 de
1296 1976 1419 2002 nous.

200 2030 244 2067 4⁰
263 2028 375 2067 Pour
393 2029 545 2067 mettre
564 2039 621 2066 un
639 2027 749 2066 frein
768 2029 792 2066 a
812 2030 934 2067 notre
952 2026 1126 2078 langue,
1149 2027 1221 2078 qui
1254 2039 1297 2066 se
1330 2027 1450 2066 laisse
1476 2028 1719 2070 facilement

999 2209 1033 2245 1.
1056 2208 1166 2245 Jubct
1187 2210 1351 2246 rescindi
1372 2221 1525 2248 omnem
1539 2211 1634 2248 iram
1649 2213 1720 2250 im-

953 2256 1185 2293 moderatam
1213 2257 1259 2293 ad
1288 2257 1455 2294 radicem
1491 2269 1622 2306 usque,
1646 2260 1719 2299 hoc

952 2309 1007 2340 est
1027 2303 1140 2340 etiam
1162 2314 1280 2350 usque
1298 2305 1344 2340 ad
1371 2305 1566 2343 internum
1595 2307 1718 2345 male-

952 2351 1027 2388 voli
1048 2352 1168 2388 animi
1188 2357 1346 2388 motum.

998 2399 1034 2435 2.
1057 2399 1143 2436 Vult
1171 2400 1521 2446 concupiscentiam
1547 2403 1718 2450 compri-

294 2265 476 2305 EADEM
506 2264 762 2304 DOMINICA

489 2373 590 2403 Omma
603 2372 655 2409 qut
665 2372 811 2401 irascitur
822 2373 914 2407 fratri

525 2417 592 2445 wo,
614 2416 686 2438 reus
711 2408 771 2437 erit
785 2408 913 2444 judycio.

707 2445 821 2480 (nauh.
835 2446 880 2480 v.)

199 2536 367 2574 Christus
381 2538 565 2575 Dominus
578 2539 743 2585 primum
761 2540 914 2586 quidem

150 2583 376 2631 generaliter
395 2595 467 2622 nos
491 2590 619 2623 monet
650 2592 686 2624 et
717 2589 914 2624 extimulat

147 2630 200 2668 ad
226 2631 402 2668 virtutem
421 2637 457 2669 et
480 2633 766 2680 perfectionem,
786 2636 913 2682 requi-

152 2687 240 2715 rens
258 2689 281 2714 a
298 2678 409 2716 nobis
443 2679 628 2726 justitiam
652 2681 914 2727 perfectiorem

153 2729 190 2762 et
208 2724 538 2773 abundantiorem,
553 2737 666 2774 quam
685 2739 707 2764 a
725 2729 864 2766 Scribis
878 2735 915 2767 et

153 2771 369 2817 Pharisaeis,
403 2777 444 2810 ut
476 2774 612 2811 certior
643 2774 754 2812 nobis
790 2780 914 2822 pateat

149 2819 275 2856 aditus
295 2819 336 2857 in
362 2830 522 2867 regnum
550 2821 745 2859 coelorum.
784 2822 915 2861 Postea

152 2865 195 2903 in
213 2867 432 2913 particulari
451 2868 578 2914 aliqua
594 2869 772 2916 proponit
791 2873 827 2906 et
845 2881 913 2908 ex-

151 2912 284 2967 plicat,
304 2918 346 2951 ut
364 2916 536 2953 ostendat
553 2915 595 2953 in
615 2925 688 2962 quo
709 2916 776 2954 illa
799 2917 914 2963 justi-

154 2963 275 3046 11αωῖ1
300 2962 479 3010 perfectio
497 2973 520 3000 a
538 2973 579 3001 se
597 2964 791 3012 requisita,
818 2974 913 3004 con-

951 2446 1019 2491 mi,
1052 2451 1089 2486 et
1126 2448 1287 2483 resecari
1325 2457 1443 2494 usque
1479 2449 1527 2486 ad
1564 2460 1720 2496 pravam

951 2494 1075 2531 cordis
1094 2494 1374 2541 cogitationem.

998 2541 1033 2578 3.
1075 2543 1238 2588 Imperat
1286 2552 1441 2579 omnem
1479 2544 1719 2582 occasionem

952 2589 1096 2635 peccati
1128 2590 1332 2634 eliminari,
1369 2590 1421 2626 ita
1452 2594 1492 2627 ut
1524 2592 1556 2628 si
1586 2592 1719 2630 dextra

952 2636 1194 2682 scandalizet,
1209 2637 1376 2674 eruenda
1396 2638 1443 2674 sit
1463 2643 1499 2675 et
1518 2640 1718 2686 projicien-

951 2684 1012 2730 da,
1051 2684 1122 2720 hoc
1161 2689 1231 2730 est,
1278 2685 1484 2731 quamlibet
1521 2686 1569 2723 sit
1606 2686 1717 2723 nobis

951 2732 1145 2785 quippiam
1178 2731 1428 2777 conjunctum
1465 2737 1501 2770 et
1538 2743 1717 2770 necessa—

950 2789 1064 2825 rium,
1098 2789 1130 2815 Sl
1158 2780 1340 2824 peccandi
1360 2780 1573 2827 periculum
1605 2778 1718 2816 nohis
1779 2811 1786 2818 .

950 2826 1110 2872 ingerat,
1131 2826 1210 2862 vult
1228 2827 1359 2881 procul
1380 2840 1402 2864 a
1421 2827 1530 2864 nobis
1549 2836 1717 2863 remove-

950 2873 983 2909 ri
1003 2877 1039 2910 et
1057 2873 1260 2919 repudiari.

997 2920 1034 2957 ά.
1076 2921 1120 2958 Ut
1158 2921 1298 2968 linguae
1347 2921 1510 2956 fraenum
1552 2918 1712 2968 injiciat,

951 2977 1034 3013 quae
1053 2967 1179 3004 labilis
1198 2972 1254 3004 est
1272 2968 1313 3004 in
1329 2968 1559 3012 juramenta,
1573 2967 1654 3004 vult
1672 2972 1716 3005 ut

951 3024 1074 3052 sermo
1094 3019 1222 3053 noster
1241 3015 1290 3052 sit
1309 3013 1471 3062 simplex
1492 3024 1502 3052 ε
1523 3013 1602 3065 Est,
1621 3014 1715 3065 Est5
