1884 3164
0 0 172 83 Ejus-‘xm'
195 0 218 33 :¹-
318 5 331 16 ³
410 12 429 39 '.‘
445 0 459 35 ἠ
475 0 505 31 ’μ’
519 3 543 51 ἲ
556 0 653 55 unq..)
666 0 775 89 ³1⁴*
799 0 813 22 ,ἰ
846 14 850 18 .
870 29 871 33 ¹
908 11 938 39 L,
952 7 962 10 -

3 110 9 127 1

479 123 694 169 molemus
722 130 938 165 mancae
965 121 1094 165 11161115
1120 130 1292 166 mones.
1595 119 1680 166 lup

101 216 256 259 devant
273 214 378 257 Dieu
397 224 442 255 66
461 223 543 267 que
562 210 724 263 chaque
742 209 914 252 homme
933 220 959 249 a
977 207 1109 248 vecu?
1127 209 1222 256 Car,
1245 206 1274 247 il
1292 205 1363 259 n'y
1382 219 1408 247 a
1428 207 1470 247 ni
1488 208 1603 260 j0ur‚
1624 207 1684 249 111

100 281 222 331 mois,
244 279 290 322 ni
307 291 378 330 an,
399 277 555 318 devant
582 275 703 326 Dieu,
726 274 800 328 qui
830 277 894 316 est
923 272 1148 314 au-dessus
1179 272 1235 313 du
1267 271 1403 322 561611,
1425 272 1463 312 16
1497 274 1594 324 pere
1615 273 1682 316 du

101 349 252 399 temps.
273 358 293 382 »

153 410 274 455 saint
294 407 519 461 Augustin,
542 405 711 459 pariant
731 416 895 446 comme
922 407 1016 444 tous
1035 403 1212 453 ceux-ci,
1233 402 1434 443 s'adresse
1455 404 1478 442 6
1498 402 1604 442 Dieu
1625 414 1675 442 en

102 476 389 524 commentam
408 485 454 513 ce
485 475 635 523 verset,
657 474 701 512 et
732 471 789 511 lui
822 470 884 510 dit
905 483 915 509 ε
936 486 956 507 «
977 469 1160 522 Puisque
1181 467 1297 508 mille
1317 480 1394 508 ans
1413 470 1438 507 6
1461 479 1530 506 vos
1562 478 1676 519 yeux

101 546 197 586 sont
216 550 378 580 comme
407 538 446 578 16
472 538 572 590 jour
590 535 724 576 d'hier
745 535 899 589 quiesi.
919 536 1049 587 passe,
1075 546 1181 574 nous
1213 532 1371 573 devons
1403 532 1679 573 abandonuer

103 618 149 648 ce
169 605 242 658 qui
261 616 380 658 passe
399 606 441 643 et
460 603 568 656 perit
600 614 708 655 pour
740 613 847 641 nous
873 600 1062 652 refugier
1082 612 1132 638 eu
1154 611 1271 646 vous,
1294 597 1338 639 16
1369 599 1425 637 οὺ
1459 610 1560 637 vous
1591 598 1679 640 6168

102 669 348 713 immuable.
370 668 553 721 Puisque
584 668 623 708 16
654 671 790 719 temps
821 666 872 706 de
892 668 999 706 cette
1031 664 1111 709 vie.
1135 664 1317 717 quelque
1348 663 1454 714 long
1485 661 1612 715 qu'on
1635 662 1672 702 le

105 734 309 784 souhaite,
331 734 508 787 puisque
529 732 644 773 mille
664 744 740 772 ans
759 734 855 771 sont
874 741 1036 770 comme
1058 730 1095 770 le
1111 727 1358 781 ι1661611161·
1373 729 1446 780 qui
1467 731 1528 768 est
1543 730 1678 780 passe,

107 803 148 843 et
168 812 251 841 non
272 812 347 853 pas
373 800 509 839 meme
540 809 702 838 comme
734 797 772 837 16
807 796 908 849 jour
926 795 977 836 de
1007 789 1280 846 demaiu‘qui
1313 793 1402 834 doit
1435 793 1566 842 venir,
1590 795 1682 833 tout

106 877 152 906 ce
173 865 244 920 qui
264 864 358 905 finit
377 876 476 904 avec
497 864 533 903 le
561 868 694 916 temps
714 862 805 902 doit
837 862 924 903 etre
956 863 981 900 6
1013 872 1090 900 665
1121 871 1233 913 yeux
1253 870 1414 899 comme
1448 870 1526 898 une
1558 857 1683 897 chose

106 932 265 983 passee.
294 946 311 966 1>

162 995 281 1036 Aiusi
301 995 407 1035 donc
425 996 519 1033 tout
537 1005 583 1033 ce
603 992 675 1046 qui
695 995 759 1033 est
778 1004 831 1032 en
851 1003 896 1032 ce
924 990 1078 1031 monde
1105 994 1168 1031 est
1188 989 1398 1031 vraiment
1417 991 1551 1038 court,
1573 999 1684 1028 non-

109 1059 341 1101 seulement
362 1059 398 1099 le
420 1062 570 1111 temps,
592 1058 698 1098 mais
718 1060 810 1096 tout
841 1068 886 1097 ce
913 1056 987 1109 qui
1018 1067 1061 1095 se
1093 1067 1210 1107 passe
1231 1054 1335 1094 dans
1368 1054 1405 1094 16
1439 1057 1572 1105 temps
1594 1066 1603 1092 :
1627 1051 1687 1093 les

110 1124 335 1174 honneurs,
358 1124 417 1164 les
436 1123 615 1176 plaisirs,
638 1124 696 1162 les
716 1122 933 1170 richesses,
956 1121 1016 1160 les
1050 1119 1328 1168 trihulatious,
1353 1118 1413 1158 les
1445 1117 1683 1169 afflictione,

111 1189 172 1230 les
203 1190 415 1230 doulenrs.
437 1190 592 1228 Toutes
623 1199 690 1227 ees
721 1187 880 1235 choses,
904 1198 955 1226 en
990 1186 1104 1234 61161,
1138 1188 1234 1225 5661
1265 1183 1489 1236 compi-ises
1522 1195 1596 1234 par
1628 1182 1687 1224 les

113 1254 243 1296 saints
274 1254 398 1294 livres
426 1265 524 1293 sous
555 1265 601 1292 ce
634 1255 737 1300 mot,
759 1255 802 1292 et
822 1251 1023 1292 enoncees
1043 1262 1142 1291 avec
1174 1252 1282 1289 cette
1315 1248 1602 1301 qualification
1635 1246 1688 1288 de

0 1347 6 1389 Ι
27 1325 31 1328 “
113 1318 324 1360 modicum.

0 1390 2 1394 '
169 1387 211 1425 1⁰
231 1384 304 1425 S'il
324 1384 450 1436 s’agit
470 1384 520 1423 de
542 1386 663 1423 notre
685 1382 764 1433 vie,
788 1394 843 1422 on
863 1381 1056 1434 l'appelle
1081 1396 1100 1416 «
1123 1379 1159 1419 le
1180 1391 1263 1432 peu
1284 1378 1334 1419 de
1355 1381 1489 1430 temps
1510 1378 1560 1418 de
1581 1378 1690 1419 cette

113 1450 180 1491 vie
211 1448 478 1501 corruptible.
502 1447 541 1500 (2
562 1447 670 1488 Mac.
694 1458 752 1498 vl,
774 1446 843 1500 25)
859 1462 878 1482 »
902 1447 954 1486 Et
982 1445 1177 1485 ailleurs:
1199 1460 1218 1479 «
1241 1443 1450 1491 Qu’est-ce
1472 1455 1552 1495 que
1572 1445 1694 1482 votre

114 1514 216 1556 vie?
235 1516 327 1556 Une
346 1525 503 1566 vapeur
523 1513 595 1566 qui
616 1513 753 1565 parait
773 1524 882 1565 pour
912 1523 970 1550 un
1001 1522 1084 1564 peu
1111 1510 1161 1549 de
1195 1512 1345 1561 temps.
1370 1507 1475 1562 (lac.
1500 1519 1556 1556 iv,
1581 1506 1645 1561 15)
1672 1522 1691 1544 ι

115 1580 251 1622 1116166
270 1582 363 1620 1661
376 1578 415 1619 16
429 1579 594 1632 Temps,
614 1577 786 1630 jusqu’a
804 1577 844 1617 la
864 1576 923 1616 fin
944 1575 1003 1615 du
1022 1574 1192 1624 monde,
1207 1577 1269 1614 est
1283 1573 1452 1626 qualifie
1467 1573 1518 1613 (16
1537 1589 1555 1608 «
1572 1584 1655 1625 pen
1672 1587 1693 1610 n

116 1648 159 1686 et
178 1645 216 1687 d’
235 1660 255 1682 «
275 1644 468 1686 instants.
489 1659 507 1680 n
531 1644 647 1684 Ainsi
670 1643 791 1691 Dieu,
814 1642 1066 1683 s'adressant
1085 1642 1111 1680 6
1131 1652 1195 1679 565
1216 1639 1345 1683 saints
1365 1638 1439 1692 qui
1453 1641 1557 1678 vont
1576 1648 1696 1679 mou·

117 1710 193 1758 rir‚
213 1709 306 1750 leur
326 1709 388 1752 dit
409 1723 418 1750 :
445 1723 464 1748 α
485 1710 564 1758 Va,
588 1720 686 1749 mon
705 1707 875 1762 peuple‚
897 1710 1016 1748 entre
1045 1706 1148 1746 dans
1177 1704 1412 1745 l'interIeur
1432 1703 1483 1743 de
1506 1708 1565 1744 tes
1585 1702 1695 1744 mai·-

119 1787 231 1826 sons,
253 1775 386 1816 ferme
405 1779 467 1814 tes
496 1777 652 1828 portes,
675 1773 886 1814 cache-toi
917 1785 1025 1825 pour
1046 1771 1250 1824 quelques
1282 1772 1506 1818 moments,
1524 1767 1700 1821 jusqu’a

118 1852 164 1881 66
184 1852 266 1894 que
286 1839 324 1881 le
343 1843 479 1892 temps
499 1840 551 1879 de
570 1840 611 1879 la
629 1838 764 1879 colere
784 1838 865 1878 soit
889 1839 1023 1890 passe.
1046 1835 1116 1890 (Is.
1136 1846 1251 1886 xxm,
1273 1835 1343 1888 20)
1358 1849 1376 1873 »
1401 1833 1662 1875 Uest-adire
1683 1846 1695 1874 ε

3 1718 22 1945 ,ἓ

6 1946 25 2094 iz

121 1998 184 2024 ma
230 1998 289 2024 ars
308 1987 542 2031 aeternitatis,
563 1986 652 2032 quid
677 1986 746 2022 erit
774 1986 886 2032 quid-

123 2035 185 2082 qui
255 2035 512 2082 unusquisque
562 2033 759 2070 hominum
800 2033 886 2068 vivit

123 2087 210 2119 ante
229 2083 360 2120 oculos
391 2083 478 2119 Dei?
510 2082 604 2120 Nam
626 2092 696 2118 nec
716 2081 797 2116 dics
817 2086 886 2124 651,

123 2140 195 2167 666
214 2130 372 2172 1666515,
393 2140 464 2166 1166
484 2140 608 2166 annus
626 2128 725 2176 apuli
755 2129 886 2170 06616,

124 2178 187 2224 qui
208 2182 262 2214 est
282 2188 394 2224 supra
420 2178 540 2214 solem
569 2177 748 2222 temporis
781 2176 888 2221 geni-

125 2230 258 2262 torem.
302 2239 315 2257 »
360 2224 423 2260 1115
455 2225 698 2262 conformiter
732 2224 891 2270 loquens

125 2277 278 2310 5666165
309 2273 538 2318 Augustinus
570 2273 610 2309 in
638 2271 815 2308 eumdem
839 2270 892 2306 lo-

126 2330 215 2358 cum
249 2321 304 2357 sic
338 2321 456 2357 Deum
483 2320 717 2366 alloquitur:
745 2332 759 2350 «
787 2320 889 2362 Quo-

125 2369 231 2405 niam
262 2367 368 2404 mille
405 2368 496 2404 anni
529 2372 616 2404 ante
647 2366 778 2403 oculos
809 2371 893 2402 tuos

126 2420 308 2462 tanquam
336 2415 416 2452 dies
448 2415 622 2452 hesterna
641 2424 725 2460 quae
757 2418 893 2459 praete-

128 2462 203 2506 riit,
256 2463 341 2499 ideo
391 2462 572 2499 debemus
615 2462 660 2498 ad
708 2461 892 2507 refugium

128 2515 236 2546 tuum
278 2509 344 2546 ubi
375 2510 456 2546 sine
488 2510 566 2546 ulla
585 2508 835 2546 mutabilitate
856 2513 892 2544 tu

129 2568 184 2603 es,
213 2537 260 2593 611
293 2557 351 2592 1115
381 2556 697 2603 praetereuntibus
730 2555 894 2592 labenti-

130 2604 276 2651 busque
296 2605 477 2640 converti.
496 2605 683 2649 Quoniam
697 2608 898 2650 quantum·

131 2652 223 2689 libet
244 2651 332 2688 huic
350 2651 436 2688 vitae
454 2651 609 2698 longum
630 2656 778 2697 tempus
797 2655 897 2696 opte-

131 2704 208 2744 tur,
240 2699 346 2735 mille
393 2699 487 2735 anni
524 2704 612 2736 61116
644 2698 775 2735 666165
814 2702 898 2734 1665

132 2752 311 2793 tanquam
333 2746 413 2782 dies
434 2746 632 2784 hesternus
650 2751 705 2782 est
725 2746 788 2792 qui
805 2756 896 2791 prae-

134 2794 248 2838 161111,
297 2804 377 2830 666
415 2793 549 2829 saltem
593 2798 773 2840 tanquam
819 2793 899 2828 dies

136 2841 322 2878 crastinus
334 2841 398 2888 qui
414 2845 592 2878 venturus
612 2844 681 2884 651,
702 2841 753 2876 116
769 2838 900 2876 omnia

136 2898 221 2935 quae
243 2888 423 2936 temporis
455 2888 531 2925 fine
562 2887 805 2932 clauduntur,
832 2896 900 2933 pro

135 2935 334 2977 transactis
353 2935 527 2975 habenda
546 2939 646 2973 sunt.
665 2949 680 2969 1)

973 1985 1102 2030 ltaque
1122 1983 1287 2030 quidque
1308 1982 1347 2018 in
1364 1982 1434 2018 hoc
1455 1981 1595 2017 saeculo
1625 1984 1696 2025 est,

926 2042 1010 2068 vere
1030 2031 1222 2068 Modicum
1243 2034 1312 2074 651,
1335 2040 1415 2065 1166
1436 2029 1560 2065 solum
1582 2028 1698 2064 Tem-

926 2090 1010 2127 pus,
1044 2079 1107 2115 5611
1140 2078 1251 2115 611616
1282 2077 1464 2124 quidquid
1495 2076 1555 2113 hic
1583 2075 1699 2112 'rem-

928 2138 1016 2174 pore
1049 2126 1209 2163 votvitur
1232 2136 1239 2162 :
1264 2140 1277 2156 α
1305 2125 1487 2166 uuum-es,
1517 2123 1698 2169 Volupta-

929 2180 997 2220 tes,
1018 2176 1130 2220 Opes,
1151 2172 1424 2216 Tribulatione,
1447 2170 1698 2215 Afflictiones,

931 2222 1096 2259 Dolores.
1117 2236 1129 2253 n
1150 2222 1236 2258 llaec
1257 2219 1362 2257 enim
1382 2219 1512 2256 omnia
1533 2217 1603 2256 sub
1626 2218 1714 2255 hoc·

929 2270 1086 2307 nomine
1116 2268 1321 2314 Modicum,
1355 2265 1543 2303 insinuari
1574 2265 1699 2304 solem.

930 2317 1047 2354 sacris
1067 2317 1108 2352 in
1128 2316 1275 2353 litteris.

980 2364 1066 2401 l.Si
1087 2364 1133 2401 de
1154 2364 1227 2400 vita
1249 2367 1377 2399 nostra
1396 2361 1533 2407 agitur,
1547 2363 1703 2399 vocatur

936 2428 949 2444 «ι
973 2411 1163 2449 Modicum
1179 2409 1434 2456 corruptibilis
1460 2409 1558 2445 vitae.
1583 2423 1597 2440 ι
1620 2407 1667 2445 Et
1690 2418 1700 2444 :

936 2475 949 2492 u
968 2460 1059 2504 Quae
1072 2463 1127 2495 est
1141 2458 1215 2495 vita
1229 2458 1378 2494 vestra?
1391 2456 1511 2503 vapor
1523 2455 1570 2492 ad
1582 2454 1700 2493 Modi-

933 2518 1021 2544 cum
1032 2507 1292 2553 parens.»1mo
1306 2508 1424 2541 totum
1433 2509 1579 2551 tempus
1587 2512 1706 2541 51666-

935 2555 960 2590 11
978 2554 1147 2600 usquead
1161 2554 1277 2590 tinem
1289 2556 1442 2589 vocatur
1459 2551 1652 2588 Modicum
1669 2554 1705 2588 et

935 2602 1184 2640 Momentum.
1208 2600 1303 2636 Hinc
1326 2600 1423 2636 Deus
1442 2604 1596 2636 sanctos
1617 2607 1707 2635 suos

936 2649 1140 2686 morientes
1171 2647 1370 2694 alloquens
1401 2646 1493 2684 dicit
1523 2657 1531 2682 :
1561 2659 1574 2677 α
1605 2645 1707 2685 Vade
1766 2651 1768 2653 ’

936 2696 1099 2743 populus
1138 2705 1259 2742 16665,
1279 2695 1378 2732 intra
1415 2694 1594 2731 cubicula
1628 2697 1707 2737 tua,

936 2744 1069 2781 claude
1108 2743 1202 2779 ostia
1240 2752 1352 2789 super
1390 2746 1442 2786 te,
1471 2741 1706 2778 abscondere

937 2791 1130 2830 modicum
1149 2790 1196 2827 ad
1218 2793 1469 2834 momentum,
1485 2790 1607 2827 donec
1627 2797 1710 2834 per-

937 2842 1101 2876 transeat
1118 2837 1341 2886 indignatio.
1367 2852 1380 2870 υ
1408 2838 1484 2874 1166
1517 2841 1572 2873 651
1607 2846 1616 2872 :
1652 2835 1707 2870 Ite

936 2886 984 2926 ad
1014 2885 1223 2931 modicum,
1243 2895 1266 2922 o
1283 2885 1427 2930 Sancti,
1454 2884 1503 2922 ad
1532 2881 1708 2929 sepulcra

904 2973 905 2979 ¹
937 2937 1071 2981 vestra,
1110 2932 1164 2970 ibi
1201 2933 1383 2980 quiescite
1414 2932 1537 2970 donec
1568 2928 1709 2976 impius
