1884 3164
562 0 567 5 .
632 0 681 22 et·
739 0 832 18 „-.

652 30 658 43 χ
687 24 720 39 ,,,
1099 35 1122 60 .

1627 143 1708 196 11⁷

127 254 238 296 (1066
257 263 325 295 me
352 262 559 304 manquer
588 260 643 290 en
674 261 733 290 un
767 249 826 289 tel
857 247 960 298 lieu,
993 258 1091 287 sous
1122 258 1181 286 nn
1211 243 1270 285 tel
1298 243 1499 297 pasteur?
1517 244 1574 285 Ge
1609 243 1708 285 60111

129 317 396 360 d'exeellents
426 316 670 368 1161616365,
693 325 776 367 (166
806 313 847 353 16
878 312 1023 366 parole
1043 311 1094 352 de
1123 310 1229 351 Dieu
1263 312 1307 349 et
1337 309 1379 348 16
1408 308 1708 350 connaissance

130 385 202 426 des
231 383 374 424 choses
406 380 585 421 divines.
607 380 663 420 Ge
696 381 793 419 sont
823 376 1095 419 d'excellents
1127 375 1372 428 paturages.
1409 383 1492 425 que
1521 375 1615 412 tous
1646 373 1708 414 166

129 449 233 491 done
251 450 294 488 et
311 446 371 487 les
388 445 588 486 biensaits
624 444 837 498 spirituels
859 443 934 496 qui
963 441 1230 494 engraissent
1247 451 1331 480 une
1352 439 1462 486 ame,
1487 436 1547 478 les
1577 437 1707 490 inspi-

118 511 284 555 'rations
302 510 469 560 saintes,
490 509 532 550 la
551 508 748 550 devotion
769 509 819 548 de
839 507 1014 560 l'esprit‚
1036 506 1096 547 les
1115 505 1336 546 affeetions
1363 504 1541 551 6661666,
1563 504 1708 542 tontes

127 576 272 619 ehoses
291 587 373 629 que
393 575 432 615 16
453 574 591 616 Christ
609 577 780 627 pasteur
802 586 908 613 nous
939 572 1116 613 fournit.
1139 571 1194 611 Ce
1214 572 1310 610 sont
1341 567 1611 608 d’exeellents
1629 566 1708 619 paq

116 643 298 694 -tnrages
319 653 400 694 que
420 641 462 680 16
482 640 555 690 foi,
577 639 847 692 l’esperanee,
870 639 911 678 la
930 637 1091 678 charite
1115 650 1124 676 :
1146 636 1187 676 la
1215 634 1273 675 foi
1302 633 1480 681 nourrit‚
1504 644 1558 673 en
1589 631 1705 683 effet,

531 170 684 204 6660161
710 159 927 201 ‘amaneus
954 152 1083 200 nats
1112 166 1284 203 moues.

43 691 61 726 ’³
124 705 442 758 l'intelligenee‚
466 705 604 745 tandis
637 717 717 758 que
749 704 1004 757 l'esperanee
1035 705 1076 742 et
1108 702 1150 741 la
1179 699 1338 740 charite
1371 697 1633 738 nourrissent
1664 696 1707 737 la

43 779 78 811 ‘²2
128 771 295 812 volente
316 783 416 812 aveo
436 783 485 810 en
493 770 771 823 graissement
790 773 832 809 et
853 768 1151 821 rejouissanees
1173 764 1398 819 spirituels‚
1420 775 1471 804 en
1491 765 1602 803 sorte
1623 773 1706 814 que

126 836 167 878 16
186 837 393 890 Propheta
414 849 439 876 a
458 849 514 889 pu
547 836 637 876 dire
661 848 671 875 z
693 851 712 872 (ι
735 836 832 875 Μο6
854 836 947 874 ame
981 845 1074 874 sera
1105 843 1268 872 comme
1300 829 1541 881 engraissee
1562 827 1612 867 de
1633 838 1706 867 voe

124 901 425 952 benedictinus,
447 904 489 942 et
511 913 580 941 ma
598 901 761 941 11066116
782 900 983 940 s’ouvrira
1012 911 1120 953 pour
1140 898 1245 938 faire
1265 896 1422 936 6616161·
1453 894 1526 934 (166
1557 892 1706 933 61161116

122 966 406 1019 d'allegresse.
426 965 514 1019 (Ps.
538 977 636 1016 an,
661 966 717 1019 5.)
737 980 755 1004 »

175 1034 218 1073 3⁰
239 1034 297 1073 La
328 1033 541 1072 troisieme
568 1032 722 1080 raison,
746 1033 845 1071 e'est
878 1030 981 1083 qn’il
1019 1042 1125 1070 nous
1163 1027 1329 1068 nourrit
1364 1023 1705 1066 sacramentello-

39 1078 57 1114 ;-‚
122 1101 255 1138 ment.
280 1098 391 1138 Tous
424 1098 483 1137 les
514 1100 770 1137 saerements
802 1100 895 1136 sont
915 1108 966 1136 en
989 1095 1089 1135 ess'et
1108 1095 1213 1134 dans
1234 1091 1406 1144 l’Eglise
1437 1101 1600 1130 comme
1631 1089 1704 1130 des

122 1162 353 1215 1161616366
390 1162 602 1215 speeiaux‚
633 1164 688 1202 06
724 1162 783 1201 166
819 1161 958 1201 brebis
989 1161 1046 1200 du
1067 1160 1205 1200 Christ
1242 1156 1543 1209 s'engraissent
1579 1157 1622 1195 et
1656 1165 1704 1196 86

122 1227 397 1267 nourrissent.
419 1229 478 1267 La
509 1227 626 1266 ceule
657 1226 767 1266 l'eau
797 1226 847 1266 de
881 1226 921 1265 la
951 1225 1152 1265 refection
1184 1222 1431 1277 spirituelle‚
1453 1220 1562 1261 l’eau
1590 1219 1641 1260 de
1660 1218 1704 1261 la

125 1292 266 1344 grasse,
289 1292 361 1344 qui
387 1292 549 1332 nourrit
580 1291 989 1332 merveilleusement
1020 1290 1145 1330 l'ame
1176 1292 1218 1329 et
1249 1289 1415 1341 permet
1433 1287 1458 1326 a
1477 1285 1639 1338 chaque
1657 1284 1706 1326 fi-

122 1356 217 1398 dele
237 1357 287 1398 de
308 1356 475 1396 s’eerier
497 1370 507 1397 :
526 1372 544 1393 α
568 1357 602 1397 Il
621 1357 704 1397 m’a
724 1356 839 1397 eleve
860 1357 955 1408 pres
976 1355 1100 1395 d’une
1121 1366 1200 1394 666
1221 1353 1524 1400 11061116661116,
1546 1350 1576 1390 11
1596 1349 1703 1390 rend

121 1421 164 1462 la
183 1422 296 1462 force
316 1425 340 1461 a
361 1434 460 1462 mon
493 1423 601 1471 ame,
625 1421 655 1462 il
687 1422 768 1462 m'a
790 1422 866 1461 fait
887 1424 1029 1460 entrer
1049 1420 1153 1459 dans
1173 1419 1233 1459 les
1252 1418 1366 1458 voies
1397 1417 1448 1456 (16
1479 1416 1521 1456 16
1546 1416 1703 1468 justice

122 1498 231 1540 pour
249 1487 290 1527 la
311 1487 444 1539 gleire
463 1487 514 1527 (16
533 1499 605 1527 sou
625 1498 741 1527 nom.
769 1486 851 1540 (Ps.
874 1495 993 1536 xxm,
1014 1488 1039 1526 2
1060 1488 1101 1525 et
1120 1484 1181 1538 3.)
1203 1499 1221 1520 n

176 1552 237 1592 En
257 1552 370 1603 effet,
393 1555 514 1592 notre
534 1553 710 1592 Pasteur
741 1551 928 1604 rappelle
960 1551 1000 1590 la
1032 1551 1091 1590 les
1122 1548 1261 1589 brebis
1281 1549 1484 1597 errantes,
1506 1550 1548 1586 61
1578 1546 1608 1586 11
1639 1545 1700 1587 les

118 1618 294 1658 ramene
314 1629 390 1670 par
409 1618 468 1657 les
487 1617 602 1657 voies
628 1617 679 1657 de
711 1617 752 1656 la
772 1617 837 1657 vie
869 1628 976 1669 pour
995 1615 1036 1655 16
1055 1615 1190 1667 gleire
1222 1614 1273 1654 (16
1299 1625 1375 1653 son
1405 1623 1518 1663 nom,
1541 1609 1700 1651 &est-a-

115 1681 207 1723 dire
227 1695 335 1735 pour
354 1682 582 1736 aceomplir
601 1695 678 1723 son
698 1694 798 1722 nom
819 1685 861 1722 et
882 1694 926 1722 sa
951 1681 1109 1733 charge
1128 1680 1180 1720 de
1212 1679 1297 1719 bon
1318 1680 1504 1719 Pasteur.
1528 1677 1637 1718 C’est
1654 1675 1699 1716 la

37 1746 49 1758 ”’
116 1750 282 1788 surtout
302 1748 403 1801 qu'il
421 1761 464 1789 se
495 1751 663 1788 montre
697 1749 873 1789 Pasteur
905 1747 1184 1796 1166-611116111,
1206 1757 1259 1786 66
1296 1756 1400 1784 6066
1432 1742 1696 1783 nourrissant

117 1812 169 1853 de
187 1811 395 1853 l'aliment
414 1813 647 1854 admirable
668 1813 719 1854 de
739 1826 813 1853 son
835 1826 971 1865 corps,
992 1812 1044 1852 de
1071 1823 1148 1851 son
1178 1822 1285 1863 sang
1305 1813 1347 1850 et
1366 1809 1417 1848 de
1437 1821 1482 1849 sa
1501 1807 1696 1848 divinite.

120 1893 142 1916 «
163 1877 267 1926 Quel
297 1883 467 1931 pasteur
499 1879 664 1918 nourrit
684 1891 748 1918 ses
767 1878 907 1918 brebis
938 1878 988 1918 de
1020 1890 1098 1917 son
1129 1888 1284 1929 propre
1316 1874 1457 1926 sang?
1490 1874 1552 1914 dit
1583 1872 1698 1913 saint

114 1943 223 1986 Jean
255 1943 563 1995 Chrysostome,
597 1947 640 1984 et
679 1956 759 1996 (166
798 1943 918 1995 dis-je
957 1942 1165 1983 Pasteur?
1196 1942 1231 1981 ll
1267 1953 1295 1992 y
1329 1953 1355 1980 a
1391 1940 1609 1991 beaucoup
1643 1938 1697 1979 de

924 2089 1065 2126 pascua
1085 2077 1279 2125 specialia,
1292 2076 1429 2123 quibus
1449 2086 1537 2112 oves
1556 2073 1697 2112 Christi

118 2079 218 2124 Quid
237 2068 324 2117 er⁰o
346 2079 441 2116 mihi
461 2085 585 2127 posset
607 2080 737 2117 deesse
759 2080 798 2117 in
820 2080 883 2116 tali

924 2126 1145 2173 saginantur
1170 2130 1204 2161 et
1241 2124 1475 2161 reficiuntur.
1507 2122 1561 2158 lbi
1594 2123 1696 2168 aqua

118 2126 218 2171 1060,
233 2107 303 2164 suss
332 2127 396 2163 tali
429 2129 610 2174 pastore?
629 2128 767 2165 Felicia
799 2132 884 2164 sunt

117 2184 272 2222 pascua,
293 2175 450 2212 verbum
470 2176 643 2212 divinum
679 2180 715 2211 et
754 2175 885 2211 nolitia

120 2231 246 2259 rerum
283 2223 512 2260 divinarum.
550 2223 687 2260 Felicia
731 2233 883 2269 pascua,

117 2270 247 2307 omnia
266 2270 365 2307 dona
387 2275 421 2307 et
443 2270 629 2307 beneficia
657 2271 885 2324 spiritualia,

28 2330 42 2371 '2¹
89 2354 91 2357 ,
116 2326 202 2372 quae
234 2317 475 2364 impinguant
505 2319 689 2364 animam,
720 2319 884 2364 111611161-

28 2374 36 2390 1

117 2368 240 2402 tiones
278 2370 432 2410 sanetae,
468 2370 504 2402 et
553 2366 699 2403 devotio
751 2366 885 2408 animi,

119 2411 276 2449 affectus
295 2414 407 2457 sacri,
428 2423 513 2460 quae
538 2414 666 2450 omnia
686 2424 709 2449 a
740 2414 885 2449 Christo

118 2464 267 2506 pastore
286 2460 397 2497 nobis
417 2462 718 2508 suppeditantur.
749 2461 885 2497 Felicia

146 2516 274 2560 asena,
317 2522 330 2539 α
374 2508 495 2553 Fides,
516 2509 621 2555 Spes,
657 2508 838 2544 Charitas.
867 2523 881 2541 1

151 2554 231 2590 ides
251 2554 354 2590 enim
375 2555 610 2592 intellectum
643 2556 779 2599 reficit,
796 2556 887 2602 Spes

120 2605 158 2655 et
177 2601 346 2638 Charitas
365 2602 596 2640 voluntatem
617 2613 704 2640 eum
726 2603 886 2650 pingue-

119 2648 211 2685 dine
247 2653 284 2686 et
320 2648 571 2687 oblectatione
625 2650 795 2697 spiritus,
836 2651 886 2687 ita

47 2729 49 2734 ,
119 2698 163 2733 ut
190 2696 326 2733 dixerit
358 2696 572 2743 Propheta:
604 2713 617 2731 ιι
640 2699 742 2735 81661
779 2698 888 2744 adipe

120 2746 159 2780 61
176 2743 409 2791 pinguedine
429 2744 618 2791 repleatur
636 2745 764 2782 anima
788 2756 886 2787 mea,

121 2794 160 2828 61
200 2791 311 2828 1611116
353 2791 599 2829 exultationis
642 2793 810 2830 laudabit
847 2804 888 2829 os

122 2846 265 2876 meum.
286 2851 304 2873 11

169 2884 294 2923 Tertia
326 2887 420 2922 ratio
453 2890 522 2930 est,
543 2886 631 2933 quia
662 2897 732 2923 nos
769 2886 888 2933 pascit

122 2934 458 2970 sacramentaliter.
516 2933 655 2970 Omnia
710 2934 886 2980 equidem

120 2986 357 3018 sacramenta
382 2985 471 3018 sunt
500 2982 542 3018 in
578 2981 748 3019 Eeelesia
786 2981 886 3018 velut

925 2174 1154 2218 refectionis,
1185 2183 1282 2219 aqua
1314 2172 1443 2218 gratiae
1481 2170 1575 2216 nuit,
1607 2169 1696 2207 ani-

924 2231 1100 2268 mamque
1131 2220 1226 2256 mire
1259 2219 1393 2261 reiicit,
1415 2219 1466 2254 ita
1506 2222 1544 2254 ut
1577 2217 1696 2263 possit

924 2270 1050 2305 dicore
1099 2268 1257 2315 quilibet
1314 2266 1436 2302 tidelis
1471 2276 1479 2302 :
1520 2280 1533 2297 «ι
1574 2267 1696 2312 Super

923 2327 1060 2363 aquam
1080 2315 1299 2352 refectionis
1318 2313 1490 2350 educavit
1511 2322 1586 2356 me,
1605 2312 1695 2350 ani-

925 2375 1026 2400 mam
1067 2373 1189 2400 meam
1230 2362 1428 2405 convertit,
1450 2360 1607 2398 deduxit
1630 2370 1694 2397 me

925 2422 1036 2457 super
1061 2411 1215 2447 semitas
1244 2409 1413 2456 justitiae,
1435 2412 1587 2455 propter
1617 2417 1694 2446 no-

926 2469 1013 2496 men
1034 2469 1158 2495 suum.
1185 2472 1199 2490 ι

974 2507 1102 2543 Pastor
1139 2505 1243 2542 enim
1289 2507 1417 2540 noster
1454 2501 1506 2539 ibi
1544 2505 1694 2539 revoeat

926 2558 1107 2595 errantes,
1128 2558 1163 2589 et
1185 2552 1328 2589 reducit
1348 2561 1415 2598 per
1432 2549 1586 2587 semitas
1607 2550 1694 2587 vitae

925 2605 1078 2655 propter
1098 2610 1240 2637 nomen
1268 2609 1395 2642 suum,
1415 2603 1455 2635 ut
1486 2598 1694 2644 adimpleat

926 2649 1071 2685 seilicet
1093 2657 1234 2684 nomen
1254 2651 1290 2683 et
1317 2656 1457 2683 munus
1489 2645 1581 2682 boni
1602 2645 1694 2682 Pas—

928 2697 1030 2732 toris.
1054 2695 1111 2731 Ibi
1132 2695 1296 2731 maxime
1326 2693 1633 2731 amantissimum
1651 2702 1695 2730 se

929 2744 1117 2780 Pastorem
1160 2742 1327 2786 exhibet,
1376 2740 1566 2789 pascendo
1620 2750 1694 2777 nos

927 2791 1095 2838 eorporis
1115 2794 1151 2827 et
1179 2789 1389 2837 sanguinis,
1410 2788 1693 2835 divinitatisque

927 2836 1255 2886 superadmirabili
1273 2837 1469 2874 alimento.

977 2900 991 2918 «
1015 2887 1106 2930 Quis
1124 2889 1251 2932 pastor
1269 2895 1359 2922 oves
1385 2884 1538 2931 proprio
1572 2881 1693 2929 pascit

926 2943 1072 2979 eruore,
1095 2949 1110 2967 ι
1134 2933 1258 2980 inquit
1290 2936 1444 2968 sanetus
1476 2931 1692 2976 Chrysosto-

926 2983 1037 3018 mus?
1060 2996 1074 3013 ι
1097 2981 1141 3018 Et
1163 2980 1254 3028 quid
1273 2980 1358 3017 dieo
1378 2979 1536 3016 Pastor?
1554 2977 1693 3015 Matres
