1884 3164
668 219 867 264 z’ocmvn
896 233 949 264 011
978 235 1148 272 nouas.
1641 224 1694 278 88

83 356 86 359 ι
116 302 157 345 10
176 303 375 346 souvenir
393 304 444 346 de
466 317 511 347 sa
530 306 691 349 charite
711 310 764 351 de
785 311 856 351 feu
876 317 919 353 et
938 313 990 354 de
1009 326 1055 355 sa
1075 316 1241 368 passion
1261 322 1554 374 empourpree,
1585 324 1695 368 ainsi

0 2551 39 2832 ‘g

15 2887 32 2949 3

120 381 201 421 que
220 369 262 409 13
280 369 340 409 foi
358 381 412 409 en
432 383 478 410 sa
496 372 611 412 vraie
632 376 675 413 et
700 374 899 418 brillante
927 381 1221 422 resurrection.
1242 384 1320 423 Les
1340 385 1546 439 disciples,
1567 388 1692 441 donc,

118 445 162 474 se
191 433 438 487 rejouirent‚
472 440 594 490 apres
625 441 745 481 avoir
776 455 831 482 vu
863 443 901 483 le
934 445 1160 498 Seigneur.
1194 450 1491 504 Contemplant
1520 457 1587 495 cet
1621 468 1694 497 arc

118 498 346 551 mystique‚
369 500 419 540 ils
447 508 603 554 purent
633 505 830 547 s’eurier:
857 524 875 544 ιι
899 510 1044 551 Beni»
1080 525 1346 568 soyez·vous,
1374 517 1597 570 Seigneur‚
1619 522 1695 574 qui

115 574 222 603 nous
241 575 341 604 avez
362 569 529 607 mentre
560 581 616 608 un
650 573 883 613 arc-en-ciel
906 575 940 614 si
965 575 1072 617 beau
1093 581 1136 618 et
1154 579 1190 618 si
1208 579 1394 631 brillant‚
1421 584 1610 635 symbole
1641 586 1694 627 de

113 625 214 680 paix
232 631 275 669 et
294 629 515 672 d'alliance
534 637 653 674 entre
673 648 775 676 vous
796 641 838 677 et
857 638 896 678 la
918 642 1043 688 terre,
1065 643 1257 694 symbole
1277 645 1328 685 de
1348 652 1466 688 votre
1487 649 1694 693 veritable

114 693 409 735 resurrection.
430 712 450 733 «
465 698 591 738 Benis
612 713 631 737 »
650 700 784 740 soient
803 715 869 743 ces
890 705 1021 757 piedS,
1044 711 1186 759 perces
1205 710 1256 750 de
1276 710 1407 761 olous,
1429 714 1502 767 qui
1521 714 1694 758 brillent

111 768 218 809 pour
247 771 353 798 nous
383 761 455 801 des
477 763 680 814 glorieux
704 769 936 820 stygmates
967 771 1019 812 de
1050 785 1117 812 ces
1148 775 1307 816 memes
1337 777 1469 819 01035.
1496 793 1515 818 ι(
1542 781 1648 822 Beni
1666 796 1687 821 n

109 821 192 862 soit
209 822 247 864 le
266 826 372 875 cote,
396 839 546 869 encore
566 835 715 871 ouvert
746 845 856 885 pour
889 849 971 888 que
1005 850 1109 878 nous
1145 853 1173 891 y
1210 843 1397 884 entrions
1434 845 1535 886 dans
1572 850 1692 889 votro

110 899 241 936 coeur,
263 901 426 932 comme
446 905 522 946 par
540 907 623 934 une
644 900 764 948 porte
798 899 849 939 de
880 902 961 951 vie,
984 915 1060 956 par
1088 917 1173 946 une
1196 911 1421 949 ouvcrture
1450 910 1502 950 de
1531 912 1692 953 miseri-

109 954 254 994 corde.

164 1020 259 1059 Aux
278 1027 510 1074 stygmates
529 1025 602 1066 des
621 1027 753 1079 plaies
772 1035 813 1069 et
834 1031 906 1071 des
925 1033 1151 1084 cicatrices,
1175 1049 1278 1078 avec
1308 1038 1530 1093 lesquelles
1547 1043 1688 1084 ,10535-

109 1082 250 1124 Christ
287 1089 482 1139 apparuit
519 1092 544 1130 3
582 1104 645 1131 505
683 1093 874 1147 disciples
912 1100 1034 1150 apres
1073 1100 1114 1140 la
1146 1103 1457 1155 Rasum-action,
1494 1108 1691 1150 convien-

109 1152 212 1190 nent
231 1152 538 1194 certainement
557 1160 652 1197 tous
671 1159 730 1198 les
752 1160 894 1213 eloges
915 1176 995 1215 que
1022 1164 1082 1205 les
1100 1167 1231 1208 saints
1263 1171 1388 1211 Peres
1419 1172 1634 1215 adressent
1663 1177 1690 1216 (1

109 1211 401 1257 l'are-en-ciel.

163 1279 228 1319 En
246 1281 363 1332 eflet,
385 1295 451 1322 ces
471 1288 703 1338 stygmates
723 1294 819 1329 sont
842 1303 851 1330 ε

164 1345 204 1384 1⁰
224 1347 283 1385 La
301 1347 447 1387 cedule
461 1349 568 1390 dela
590 1354 903 1397 reconciliation
918 1362 1037 1401 entre
1053 1362 1156 1402 Dieu
1173 1366 1216 1403 et
1230 1364 1288 1404 les
1302 1365 1508 1419 hommes,
1524 1381 1688 1413 comme

107 1408 225 1460 parle
244 1411 352 1451 saint
371 1413 476 1452 Jean
498 1416 809 1467 Chrysostome.

161 1476 205 1514 2⁰
220 1475 276 1514 Le
295 1476 414 1528 signe
434 1479 485 1518 de
506 1480 546 1519 13
565 1482 774 1523 clemenve
796 1485 951 1537 divine,
974 1501 1137 1531 comme
1158 1493 1219 1532 dit
1241 1494 1351 1536 saint
1370 1497 1554 1540 Jerome.

159 1540 203 1580 3⁰
221 1541 278 1580 Le
300 1554 409 1593 gage
428 1544 500 1583 des
520 1558 754 1598 promesses
776 1551 962 1604 celestes,
996 1567 1159 1597 comme
1190 1558 1413 1613 s’exprime
1438 1564 1550 1605 saint
1577 1566 1684 1608 Jean

107 1604 376 1647 Damascene.

158 1671 202 1710 4⁰
221 1671 279 1711 Le
298 1673 423 1714 truite
443 1674 494 1715 de
513 1675 690 1719 l'amitie
710 1680 867 1730 divine,
890 1695 1054 1726 comme
1074 1686 1136 1727 dit
1154 1689 1263 1730 saint
1283 1692 1508 1745 Augustin.

160 1736 203 1775 5⁰
231 1738 309 1777 Les
346 1739 492 1792 ctages
525 1742 576 1782 de
607 1743 815 1786 l'alliance
845 1749 1063 1802 eternelle,
1097 1765 1261 1795 comme
1292 1758 1408 1809 parte
1437 1760 1548 1801 saint
1579 1762 1683 1804 Ber-

103 1800 226 1840 nard.

156 1867 199 1906 6⁰
220 1866 406 1920 L'imnge
429 1871 479 1910 (10
513 1871 551 1911 13
574 1875 697 1925 grace
730 1878 992 1920 multiforme
1014 1882 1064 1921 (10
1093 1883 1134 1923 13
1156 1885 1356 1937 Divinite,
1385 1901 1548 1932 comme
1572 1892 1680 1934 s’ex·

101 1929 235 1982 prime
255 1933 365 1972 saint
385 1936 620 1978 Ambroise.

106 2026 1680 2064 Ἣ-ὴ-

0 2846 1 2852 ’
94 2847 202 2876 nunc
243 2840 435 2878 clavorum

101 2088 180 2115 suae
200 2079 407 2126 charitatis,
429 2088 464 2119 01
495 2096 695 2133 purpurcae
722 2092 869 2136 passio-

102 2126 176 2173 nis,
193 2126 382 2175 fidemque
404 2142 498 2168 verce
519 2138 554 2169 01
575 2135 727 2181 fulgidae
750 2149 869 2175 resur-

101 2174 293 2212 rectionis.
317 2177 441 2215 Gavisi
469 2190 556 2226 crgo
582 2187 671 2220 sunt
690 2185 867 2232 discipuli

101 2221 181 2258 viso
221 2223 393 2261 Domino.
444 2227 696 2277 Poteruntque
742 2234 867 2271 dicere

96 2279 228 2306 arcum
249 2271 358 2308 illurn
379 2275 580 2318 mysticum
600 2282 866 2327 contemplan—

100 2319 155 2353 tes
176 2328 184 2353 :
220 2318 443 2357 Benedictus
482 2324 548 2368 sis,
588 2325 762 2372 Domine,
802 2330 865 2376 qui

97 2364 191 2401 adeo
212 2367 422 2412 speciosam
455 2375 490 2406 et
523 2372 703 2418 fulgidam
730 2376 863 2413 iridem

96 2411 208 2448 nobis
244 2414 462 2461 exhibuisti,
504 2420 718 2464 symbolum
761 2426 864 2470 pacis

98 2461 134 2494 et
154 2458 303 2498 soederis
324 2464 423 2500 inter
443 2469 476 2501 10
492 2471 528 2502 01
547 2471 700 2524 terrain,
717 2472 864 2516 symbo-

98 2505 252 2552 lumque
294 2519 391 2547 verae
441 2516 727 2554 resurrectionis
776 2524 860 2558 tuae.

97 2552 309 2592 Benedietae
321 2567 456 2595 manus
475 2571 543 2606 pro
564 2563 674 2600 nobis
694 2566 734 2602 iu
751 2577 862 2605 cruce

96 2604 263 2638 extensae
280 2603 398 2641 instar
415 2617 538 2653 arcus,
559 2615 594 2646 et
615 2613 726 2649 modo
753 2615 862 2652 nobis

96 2656 185 2684 cum
223 2649 368 2696 fulgore
413 2663 703 2705 repraesentatae,
743 2667 782 2698 ut
822 2663 861 2699 in

96 2696 209 2732 corda
229 2703 357 2734 nostra
376 2703 513 2739 amoris
532 2706 683 2751 sagittas
703 2713 740 2745 et
759 2710 860 2756 igni-

94 2746 143 2780 tae
163 2742 250 2780 fidei
267 2745 393 2790 jacula
411 2749 656 2792 ejaculentur.

143 2790 334 2829 Benedicti
373 2795 486 2840 pedes
521 2798 636 2836 clavis
673 2804 858 2852 transfixi,

474 2843 647 2889 gloriosis
685 2850 861 2898 insigniis

93 2895 163 2932 pro
181 2886 293 2924 nobis
314 2889 523 2926 rutilantes.
547 2892 791 2936 Benedictum
812 2901 860 2936 la-

14 2947 33 2973 =‚·,
93 2935 170 2977 tus,
201 2934 325 2973 adhuc
356 2942 526 2983 apertum
547 2944 587 2976 ut
606 2941 860 2989 ingrediamur

18 2995 38 3030 3
92 2980 142 3016 ad
161 2990 227 3018 cor
246 2985 353 3020 tuum
369 2995 435 3031 per
455 2985 564 3031 illud,
588 2992 765 3036 tanquam
795 3005 860 3040 per

22 3034 42 3044 ⁸.

3 3053 35 3086 A>

2 3098 34 3164 li

92 3027 233 3067 ostium
270 3031 370 3077 vitae,
407 3043 475 3079 per
501 3034 657 3080 J'anuam
695 3039 857 3085 pietatis.

908 2094 1013 2131 Certe
1034 2096 1238 2136 vulnerum
1269 2106 1303 2136 et
1336 2102 1559 2142 cicatricum
1578 2106 1677 2143 insi-

907 2143 1020 2187 gniis,
1043 2154 1130 2181 cum
1150 2148 1287 2192 quibus
1307 2150 1477 2187 Christus
1496 2158 1580 2199 post
1601 2154 1678 2192 Re-

907 2192 1180 2230 surrectionem
1195 2195 1393 2242 discipulis
1406 2205 1573 2245 apparet,
1586 2212 1677 2240 con-

906 2239 1063 2277 veniunt
1083 2240 1204 2286 elogia
1219 2246 1362 2289 omnia,
1375 2256 1459 2292 quae
1480 2248 1580 2293 iridi,
1596 2250 1676 2288 sive

904 2286 1008 2322 arcui
1048 2288 1207 2333 coelesti,
1235 2293 1354 2329 sancti
1388 2294 1513 2332 Patres
1549 2297 1674 2335 solent

904 2333 1121 2372 attribuere.
1143 2337 1236 2374 Sunt
1266 2341 1369 2377 enim
1390 2342 1564 2388 stigmata
1583 2345 1655 2382 ista

951 2380 986 2417 1.
1010 2381 1075 2418 Dei
1097 2383 1317 2424 hominibus
1335 2391 1570 2428 reconciliati
1594 2393 1673 2431 0111-

904 2430 1147 2476 rographum,

903 2475 1204 2522 Chrysostomus.

948 2523 984 2559 2.
1029 2525 1209 2572 Supernae
1252 2530 1466 2570 clementiae
1510 2536 1671 2573 simula-

901 2580 1024 2616 crum,
1044 2579 1084 2610 ut
1104 2575 1269 2621 loquitur
1301 2584 1455 2617 sanctus
1481 2582 1671 2631 Hierony-

903 2628 1001 2656 mus.

947 2667 982 2703 3.
1006 2668 1222 2707 Coelestium
1243 2672 1484 2718 induciarum
1514 2678 1668 2726 pignus,

901 2718 940 2749 ut
962 2714 1127 2761 loquitur
1148 2724 1300 2756 sanctus
1323 2722 1594 2763 Damascenus.

946 2761 983 2798 4.
1008 2763 1151 2802 Divinae
1170 2767 1347 2805 amicitiae
1368 2774 1521 2818 tessera,
1543 2779 1583 2810 ut
1608 2774 1666 2811 lo-

900 2809 1026 2855 quitur
1045 2818 1198 2850 sanctus
1218 2817 1461 2863 Augustinus.

946 2858 981 2893 5.
1004 2858 1230 2906 sempiterni
1263 2864 1414 2902 foederis
1440 2867 1604 2914 obsides,
1628 2874 1667 2905 ut

901 2903 1066 2950 loquitur
1085 2914 1239 2946 sanctus
1260 2911 1484 2951 Bcrnardus.

944 2951 981 2988 6.
1021 2953 1265 2994 Multiformis
1306 2962 1436 3005 gratiae
1473 2962 1540 2998 Dei
1577 2973 1667 3008 spe-

897 2998 969 3042 010,
989 3005 1029 3036 ut
1053 3001 1220 3049 loquitur
1250 3012 1403 3043 sanctus
1431 3008 1664 3048 Ambrosius.

944 3046 981 3082 7.
1004 3048 1172 3086 Coelestis
1205 3051 1449 3101 benignitatis
1479 3060 1590 3103 typus
1628 3063 1668 3096 et

1207 2439 1246 2470 ut
1302 2436 1467 2484 loquitur
1518 2445 1672 2479 sanctus
