1884 3164
0 2734 14 2833 1

0 2838 7 2863 l

622 0 734 12 1‘51·

477 80 481 81 ⁷
517 93 757 142 eun-mnu
783 61 998 133 111116ιέ61111
1024 88 1155 132 arbes
1180 100 1351 136 nones.
1645 81 1731 132 fn

257 243 646 359 QUATRIEME
690 289 1046 350 DIMANGHE
1091 273 1308 349 Armis
1350 287 1613 352 PAQUES

981 460 1134 503 Expedit
1152 460 1247 493 vobis
1266 461 1303 493 ut
1322 470 1383 502 eqo
1402 459 1530 492 vadam
1549 470 1562 492 .·
1581 460 1614 491 sn·
1630 461 1721 493 enim

1022 518 1090 541 non
1110 508 1242 548 abiero,
1255 507 1448 541 paraclitus
1460 516 1530 540 non
1544 507 1654 540 veniet
1674 507 1724 540 ad

1021 566 1090 588 vos.

981 605 1007 637 11
1029 613 1118 635 vous
1149 606 1203 636 est
1232 603 1306 636 bon
1325 612 1394 644 que
1419 602 1455 645 je
1484 603 1579 635 m’eu
1607 601 1722 636 aine:

1022 661 1095 690 661,
1116 651 1145 684 31
1171 651 1207 693 je
1242 660 1288 683 ne
1320 651 1415 683 m'en
1446 651 1522 683 vais
1555 650 1667 692 point,
1688 649 1723 682 le

1020 699 1252 732 6063016166]-
1271 707 1315 730 ne
1330 697 1481 731 viendru
1495 707 1559 740 1163
1578 699 1599 730 a
1617 706 1719 731 vous.

810 746 993 790 (Evanqile
1011 746 1103 779 selon
1128 747 1219 779 saint
1237 747 1334 779 Jean.
1355 745 1463 788 Chap.
1485 755 1551 785 xvi,
1575 744 1609 780 7.
1628 745 1679 787 Ἰ.)

194 899 251 940 1”
269 900 413 940 Pomr.
430 921 483 929 —
501 900 558 939 Le
580 902 714 951 temps
734 899 784 939 de
803 898 1050 947 l'affliction,
1067 899 1177 939 alors
1191 910 1272 952 que
1292 899 1353 939 les
1365 898 1594 939 adversites
1613 910 1722 939 nous

136 967 363 1005 menacent
380 966 444 1005 est
463 964 502 1004 le
520 967 656 1016 temps
676 966 732 1003 οὺ
762 976 869 1004 nous
894 976 1024 1004 avons
1044 964 1083 1004 le
1103 964 1196 1016 plus
1215 963 1362 1005 besoin
1393 963 1445 1005 de
1465 963 1507 1004 16
1526 964 1717 1004 60113016-

136 1029 227 1070 tion
246 1029 350 1070 tiree
370 1030 422 1070 de
441 1029 482 1070 16
501 1030 692 1070 doctrine
712 1029 852 1069 divine
873 1033 915 1069 61
948 1030 999 1069 (16
1020 1029 1060 1069 16
1078 1029 1222 1082 parole
1253 1029 1421 1070 celeste.
1442 1030 1506 1069 En
1540 1029 1653 1077 effet,
1676 1027 1719 1068 16

135 1094 282 1148 parole
301 1095 353 1136 de
370 1095 477 1135 Dieu
498 1107 524 1135 6
542 1107 627 1135 une
648 1095 806 1147 grande
826 1095 1030 1135 efficacitc'
1050 1107 1157 1147 pour
1183 1107 1290 1135 nous
1309 1095 1530 1148 premunir
1548 1098 1591 1134 et
1610 1106 1719 1135 nous

137 1160 328 1201 6116111111·
346 1164 491 1200 contre
511 1164 648 1201 tontes
668 1161 726 1201 les
746 1160 988 1208 adversites,
1012 1161 1091 1200 elle
1118 1160 1278 1200 fournit
1298 1161 1336 1200 16
1356 1160 1456 1200 111161
1475 1172 1584 1213 pour
1603 1159 1721 1200 edul-

137 1237 256 1266 corer
275 1237 328 1266 ou
361 1226 515 1266 rendre
547 1225 817 1278 supportable
848 1225 1100 1266 l'afssietion.
1123 1226 1230 1266 C’est
1260 1225 1301 1265 16
1332 1226 1462 1278 petite
1494 1225 1627 1265 farine
1659 1224 1721 1267 du

135 1291 347 1344 Prophete
366 1290 439 1344 qui
458 1290 563 1331 rend
583 1302 711 1331 suave
730 1290 770 1331 16
794 1294 901 1331 111613
928 1291 1142 1331 d’ailleurs
1162 1290 1329 1331 mortel.
1351 1290 1475 1333 Voila
1504 1289 1720 1343 pom-quoi

135 1356 502 1408 Notre-Seigneur
520 1356 818 1406 usus-Christ,
846 1368 918 1396 sur
949 1356 988 1396 le
1019 1356 1139 1408 point
1159 1357 1211 1396 de
1243 1367 1509 1396 commencer
1538 1368 1583 1396 su
1612 1357 1714 1396 Pas-

135 1420 244 1471 sion,
265 1421 330 1462 lut
348 1422 374 1461 a
391 1433 456 1461 ses
474 1421 668 1474 disciples
695 1434 754 1461 un
788 1421 975 1461 discours
995 1421 1110 1460 divin
1131 1433 1238 1473 pour
1270 1421 1329 1461 les
1361 1421 1549 1460 afl'ermir
1570 1424 1719 1463 contre

133 1486 176 1526 16
195 1486 383 1527 violence
403 1486 455 1526 de
473 1486 515 1526 la
534 1486 718 1539 tempete
738 1486 1000 1535 imminente,
1022 1498 1129 1539 pour
1148 1486 1207 1526 les
1221 1485 1410 1526 consoler
1423 1486 1527 1526 dans
1546 1485 1587 1525 la
1604 1486 1719 1527 lour-

135 1551 241 1592 deur
259 1551 311 1593 de
331 1552 372 1592 16
388 1551 574 1592 tristesse
599 1552 673 1605 qui
704 1564 900 1604 oppresse
921 1552 1015 1603 deja
1039 1552 1148 1591 leurs
1168 1553 1283 1592 611163
1313 1555 1356 1592 61
1385 1550 1446 1592 les
1473 1552 1578 1603 jette
1609 1551 1717 1592 (16113

131 1616 414 1659 l’umertume.
437 1618 530 1659 Une
558 1617 696 1670 partie
716 1617 767 1657 de
786 1629 832 1657 ce
853 1617 1040 1657 discours
1071 1630 1178 1657 nous
1210 1620 1273 1658 est
1303 1618 1508 1670 proposee
1540 1616 1715 1669 aujour-

133 1680 251 1723 d’hui
269 1693 378 1735 pour
397 1685 519 1723 notre
539 1682 790 1730 instruction
810 1682 914 1722 dans
934 1682 1169 1735 l’Evangile
1189 1682 1240 1722 de
1259 1694 1303 1722 ce
1323 1682 1437 1735 jour.

186 1749 321 1801 Apres
337 1747 457 1789 avoir
475 1747 613 1801 predit
641 1760 726 1788 aux
759 1748 871 1788 siens
902 1748 1026 1800 qu’ils
1057 1751 1200 1788 seront
1231 1748 1398 1788 chasses
1427 1747 1500 1788 des
1532 1759 1716 1800 synago-

134 1823 254 1866 gueS,
276 1815 320 1853 61
338 1825 420 1866 (166
439 1812 599 1854 1’116616
620 1813 866 1866 approchait
880 1815 935 1852 οὺ
951 1815 1191 1867 quicunque
1205 1813 1264 1853 les
1284 1814 1375 1854 feru
1394 1813 1556 1854 moui-ir
1576 1813 1714 1854 croire

132 1877 223 1920 6116
252 1877 453 1931 egreable
484 1879 510 1919 6
538 1878 660 1929 Dieu,
692 1878 975 1920 lesus-Christ
1006 1879 1150 1930 ajoute
1182 1892 1192 1919 :
1212 1894 1231 1915 α
1265 1880 1315 1920 Je
1347 1891 1450 1919 vous
1481 1878 1522 1919 61
1553 1878 1616 1919 (111
1646 1890 1714 1919 ces

132 1942 291 1993 choses,
314 1943 400 1984 afin
419 1955 517 1996 que,
540 1943 681 1997 quand
701 1946 809 1984 cette
828 1943 959 1984 heure
989 1956 1082 1984 sera
1113 1955 1267 1994 venue,
1288 1956 1392 1984 vous
1423 1957 1527 1984 vous
1558 1956 1711 1984 souve-

939 2105 1100 2189 1166111ιί1
1126 2104 1309 2149 mortifer,
1350 2104 1475 2141 suavis
1524 2104 1710 2142 redditur.

941 2153 1027 2188 Ideo
1047 2153 1073 2189 C
1106 2153 1217 2188 ristus
1239 2153 1424 2190 Dominus
1445 2157 1517 2188 tem
1549 2162 1614 2189 ore
1628 2151 1706 2190 ins-

132 2176 385 2218 DOMINICA
420 2178 474 2218 IV
507 2178 642 2219 POST
671 2179 897 2219 PASCHA·
940 2200 1053 2236 tantis
1071 2200 1261 2246 passionis
1286 2201 1460 2236 divinum
1487 2163 1711 2237 scgmonem

560 2285 567 2291 ‚
664 2285 672 2291 ,
939 2249 1017 2284 suis
1049 2248 1238 2284 ministrat
1269 2247 1482 2294 discipulis,
1503 2257 1578 2294 quo
1610 2257 1708 2285 con-

453 2285 701 2350 ⁸2²5?ssssssss
713 2287 900 2350 ἔξηᾝζίἒζξζ
939 2296 1063 2332 firmet
1083 2306 1147 2332 eos
1167 2300 1298 2333 contra
1329 2295 1551 2332 violentiam
1575 2294 1710 2333 immi·

489 2343 734 2387 Pardcziaeuarwn
751 2346 900 2387 venietad
939 2344 1065 2380 uentis
1085 2343 1376 2390 tempestatis‚et
1395 2353 1469 2389 quo
1490 2342 1711 2380 consoletur

489 2400 551 2423 vos.
681 2394 866 2430 (loamxvi.)
938 2402 1002 2427 eos
1022 2396 1153 2428 contra
1185 2391 1345 2427 tristitiae
1377 2390 1619 2436 gravedinem
1638 2401 1708 2428 eo·

937 2449 1021 2475 rum
1066 2439 1180 2475 corda
1218 2439 1298 2484 ,iam
1343 2438 1618 2485 deprimentem
1670 2442 1710 2476 61

178 2479 344 2536 Tempus
362 2480 595 2530 afflictionis,
616 2494 704 2521 cum
741 2485 897 2522 adversa
937 2486 1221 2523 amaricantem.
1246 2486 1367 2533 Hujus
1399 2485 1520 2523 divini
1557 2496 1707 2525 sermo-

129 2526 243 2582 nobis
278 2530 497 2575 imminent,
538 2535 687 2578 tempus
729 2536 785 2568 est
824 2543 897 2579 quo
936 2534 997 2570 nis
1017 2545 1103 2580 pars
1117 2534 1244 2570 hocin
1264 2533 1467 2581 Evangelio
1480 2534 1708 2581 proponitur

129 2585 298 2629 maxime
340 2587 494 2631 egemus
537 2579 796 2616 consolatione
851 2591 896 2617 ex
935 2582 982 2618 ad
1005 2587 1174 2618 nostram
1194 2581 1499 2619 instructionem.

130 2622 303 2660 doctrina
329 2624 457 2678 divtna
494 2630 530 2662 et
566 2626 680 2664 verbo
718 2628 896 2664 coelesti:
983 2630 1077 2666 Cum
1094 2629 1219 2676 itaque
1237 2629 1474 2676 praedixisset
1489 2629 1568 2666 suis
1581 2628 1705 2666 Chris-

130 2669 243 2707 habet
266 2681 380 2726 'emm
416 2672 573 2710 verbum
613 2674 680 2711 Dei
718 2685 895 2721 magnam
936 2680 996 2712 tus
1014 2687 1079 2713 eos
1098 2687 1118 2713 e
1143 2677 1344 2724 synagogis
1381 2677 1605 2722 ejiciendos,
1625 2677 1703 2714 im-

128 2716 341 2756 efficamam
360 2719 407 2756 ad
432 2730 504 2757 nos
530 2722 841 2767 praemuniendos
860 2728 896 2759 et
935 2734 998 2760 mo
1018 2729 1053 2760 et
1075 2724 1207 2762 horam
1230 2725 1357 2762 venire
1375 2725 1417 2762 in
1446 2736 1519 2772 qua
1540 2725 1605 2772 qui
1638 2734 1704 2762 eos

128 2765 413 2804 confirmandos
433 2771 565 2822 contra
583 2770 712 2806 omnia
726 2770 895 2815 adversa,
935 2771 1192 2809 interficerent
1229 2773 1491 2810 existimarent
1519 2784 1560 2810 se
1597 2772 1704 2810 obse-

126 2812 282 2860 melque
318 2815 532 2869 suppeditat
565 2826 640 2861 quo
677 2817 897 2854 dulcoratur
935 2819 1068 2864 quium
1097 2825 1275 2867 praestare
1296 2821 1387 2866 Deo,
1414 2821 1549 2858 addit:
1576 2835 1590 2853 α
1613 2819 1705 2857 Haee

129 2865 194 2898 aut
217 2861 425 2899 tolerabllis
451 2862 495 2899 fit
513 2861 682 2900 afflictio.
700 2864 898 2902 Farrinula
936 2866 1085 2904 locutus
1105 2878 1189 2905 sum
1220 2868 1342 2913 vohis,
1363 2872 1405 2906 ut
1436 2879 1525 2907 cum
1557 2866 1704 2904 venerit

0 2906 34 3164 k
129 2910 187 2945 est
213 2908 424 2959 Prophetae,
444 2921 520 2958 quo
556 2910 665 2949 cibus
701 2912 767 2960 qui
803 2912 898 2951 alias
937 2913 1030 2952 hora
1073 2925 1220 2962 eorum,
1266 2915 1568 2955 reminiscamini
1611 2914 1703 2961 quia
