1884 3164
1557 15 1563 23 ο
1620 12 1675 26 >··›
1695 0 1722 28 ἰ

1763 0 1781 11 -ιυ

1760 38 1783 48 0-

235 176 289 220 82
658 188 706 217 m
736 186 938 218 lumem.
966 187 1040 218 nes
1070 180 1387 218 paemen-Eun&

237 267 382 320 garde,
404 277 487 319 que
507 266 616 307 celui
636 266 709 318 qui
727 278 781 306 ne
801 270 842 307 te
861 267 1034 320 possede
1053 267 1175 320 point
1194 270 1235 307 te
1254 266 1447 315 cherche‚
1468 266 1532 307 s'il
1558 266 1694 308 desire
1720 268 1809 310 etro

233 332 300 372 fils
319 332 370 372 de
388 330 510 372 D'ieu.
537 348 557 368 «
579 333 612 372 Ο
645 332 777 372 Paixl
813 332 937 372 disait
968 332 1079 373 saint
1109 333 1336 385 Augustin,
1371 332 1663 372 bienheureux
1698 333 1807 375 celui

233 398 368 450 quite
386 397 574 450 possede‚
610 397 773 437 maudit
804 397 913 437 celui
945 398 1018 450 qni
1048 400 1089 437 te
1127 398 1217 437 hait
1253 410 1309 437 on
1347 404 1387 436 te
1425 397 1535 437 brise
1572 398 1710 449 parmi
1748 399 1807 439 les

1745 0 1757 14 ἰ
1791 0 1811 21 7·-

1790 39 1797 43 .
1808 0 1884 92 ‚sq

1821 55 1854 73 u*-

1858 97 1884 126 1¹:

230 462 435 512 hommes,
459 474 529 502 ear
551 463 581 502 il
601 467 663 502 est
680 462 908 503 semblable
929 475 982 502 au
1002 462 1066 502 fils
1087 463 1138 503 de
1158 462 1370 515 perdition
1394 465 1436 502 et
1461 463 1486 502 ὲ
1516 462 1802 504 l’Antechrist.
1859 474 1864 483 ¹

246 527 381 569 Serm.
401 539 432 567 11
456 558 465 567 .
489 542 508 565 ι)

230 527 246 581 (
283 595 324 634 3⁶
345 527 496 634 Ponim
511 616 564 622 —
583 593 701 642 Mais,
724 605 880 645 voyons
900 593 1168 632 maintenant
1189 593 1285 645 quel
1306 597 1368 632 est
1399 592 1437 632 le
1469 593 1590 644 signe
1622 593 1673 633 de
1704 594 1806 646 paix

230 670 313 711 que
331 659 370 698 le
392 659 601 710 Seigneur
621 661 794 710 apperte
815 660 841 697 ὁ,
858 670 922 698 ses
942 657 1149 710 disciples.
1172 653 1351 698 Eceutez
1370 651 1668 710 l'Evangeliste
1690 671 1700 698 :
1727 675 1747 696 «
1766 659 1802 700 ΙΙ

226 722 321 764 leur
340 725 508 763 montra
527 723 587 763 les
608 723 744 763 mains
764 726 806 763 et
826 723 863 763 le
883 724 990 763 cote.
1014 738 1033 761 »
1059 725 1116 762 De
1138 724 1276 763 meme
1292 723 1568 775 qu’autrefois
1582 723 1680 763 l'arc
1698 723 1803 764 dans

226 788 289 829 les
307 789 445 828 mains
464 788 530 828 fut
548 788 587 828 le
606 789 729 840 signe
749 789 800 828 de
803 787 1025 838 „l'alliance
1046 790 1087 828 et
1107 788 1156 827 dc
1186 788 1226 827 la
1259 788 1373 840 paix‚
1407 790 1528 840 apres
1552 789 1591 827 la
1622 790 1803 841 tempete

228 854 302 907 qui
320 854 438 906 agita
459 855 545 893 Noe
567 866 637 893 sur
657 854 715 893 les
735 853 830 893 flots
848 866 947 893 avec
967 866 1030 893 ses
1050 854 1244 902 enfnnts;
1268 854 1319 893 de
1340 855 1492 901 meme,
1515 855 1618 893 dans
1635 853 1677 893 la
1694 857 1801 894 nnec

226 920 279 960 de
298 919 564 968 rhamnunte,
586 913 850 967 demeurent‚
873 931 1036 958 comme
1056 931 1114 958 nn
1135 932 1204 958 arc
1238 919 1288 958 de
1322 920 1420 971 paix
1441 925 1481 959 et
1502 919 1721 960 d'ailiance
1743 920 1803 960 les

226 985 358 1038 plaies
378 985 434 1024 du
454 983 646 1033 C'rucifie,
669 985 790 1037 apres
810 984 850 1023 la
870 985 1052 1036 tempete
1073 984 1145 1036 qui
1165 984 1281 1036 agita
1300 985 1442 1024 Pierre
1456 987 1496 1023 et
1516 985 1575 1024 les
1590 984 1797 1037 disciples.·

226 1051 348 1091 Veiis
366 1050 574 1102 pout-quoi
595 1061 661 1089 ces
681 1049 812 1101 plaies
831 1050 924 1088 leur
943 1053 1039 1089 sont
1058 1051 1283 1098 montrees,
1307 1049 1394 1088 afin
1415 1049 1538 1102 qu'ils
1559 1050 1796 1090 reconnais-

225 1121 318 1156 sent
338 1128 438 1155 avec
457 1115 660 1154 certitude
682 1114 720 1154 le
740 1119 883 1153 retour
902 1114 953 1154 de
973 1115 1014 1153 le
1034 1114 1130 1166 paix
1150 1117 1191 1153 et
1211 1115 1262 1153 de
1283 1115 1323 1154 la
1343 1115 1622 1167 tranquillite.
1643 1117 1799 1155 'Pontes

225 1181 283 1222 les
302 1181 383 1220 fois
403 1192 484 1232 que
505 1180 609 1219 Dieu
629 1179 807 1231 regarde
828 1182 893 1218 cet
912 1191 995 1227 arc,
1019 1179 1050 1218 il
1068 1183 1130 1218 est
1148 1179 1300 1218 touche
1320 1179 1371 1218 de
1391 1180 1654 1231 compassion
1687 1193 1795 1232 pour

224 1247 285 1286 les
304 1244 456 1298 peche's
476 1245 548 1284 des
567 1244 758 1283 hommes
778 1248 819 1283 et
838 1255 891 1283 ne
912 1246 1012 1282 veut
1031 1242 1124 1294 plus
1144 1243 1330 1282 detruire
1351 1244 1391 1282 la
1409 1249 1541 1293 terre3
1564 1246 1702 1284 tontes
1733 1245 1792 1286 les

224 1311 304 1351 fois
326 1323 406 1363 que
421 1322 526 1350 nous
540 1309 772 1361 regardons
795 1311 860 1348 cet
881 1320 967 1358 are,
985 1321 1090 1347 nous
1112 1320 1309 1348 recevons
1332 1320 1415 1348 une
1440 1309 1634 1349 nouvelle
1657 1310 1795 1350 moni-

223 1377 314 1416 tion
333 1376 384 1416 de
405 1375 583 1416 l’amour
603 1374 708 1414 etde
731 1374 770 1413 la
790 1374 963 1423 charite,
981 1373 1032 1413 de
1054 1373 1260 1413 l'alliance
1280 1377 1321 1413 et
1337 1374 1393 1413 du
1416 1377 1533 1425 pacte
1547 1374 1598 1414 de
1613 1374 1677 1415 vie
1693 1375 1796 1428 qu’il

222 1455 247 1482 a
267 1443 501 1482 contractes
520 1452 620 1480 avec
641 1451 759 1479 nous.
784 1440 891 1479 C’est
910 1439 1121 1491 pourquoi
1148 1451 1255 1478 nous
1273 1451 1461 1490 pouvens
1477 1439 1566 1479 dire
1590 1439 1641 1479 de
1661 1441 1682 1480 J
1689 1443 1797 1480 esus-

222 1507 375 1555 Christ,
399 1509 612 1546 montrnnt
631 1517 694 1544 ses
714 1504 846 1544 mains
868 1507 1016 1543 Orneus
1035 1504 1086 1544 de
1107 1504 1333 1551 cicatrices,
1352 1516 1397 1544 ce
1418 1516 1499 1556 que
1519 1503 1797 1546 l’Ecclesmstzz

219 1584 294 1627 que
313 1572 376 1612 dit
395 1572 445 1611 de
465 1570 738 1611 l'arc-en-ciel
760 1582 768 1607 :
795 1584 813 1605 α
838 1569 1062 1609 Considere
1082 1569 1358 1610 l’arc-en-ciel
1382 1571 1423 1609 et
1442 1569 1562 1609 benis
1582 1570 1691 1610 celui
1719 1570 1794 1623 qui

221 1638 276 1679 l’a
295 1638 372 1678 fait
395 1650 405 1677 :
428 1636 529 1690 qu'il
549 1638 611 1676 est
631 1635 739 1675 heau
759 1635 864 1674 dans
890 1646 965 1674 son
1000 1634 1131 1674 colati
1167 1634 1200 1674 Il
1232 1635 1366 1674 forme
1399 1634 1504 1674 dans
1541 1634 1580 1674 le
1618 1635 1695 1675 ciel
1733 1648 1794 1676 un

221 1704 353 1744 cerole
373 1703 423 1743 de
451 1701 610 1754 gleire;
631 1700 690 1740 les
709 1699 845 1740 mains
877 1699 929 1740 de
961 1699 1065 1739 Dicu
1095 1699 1200 1739 l’ont
1231 1700 1400 1739 etendu.
1425 1699 1570 1754 (Eccle‘.
1592 1711 1706 1751 xun,
1742 1702 1793 1742 12

221 1772 264 1810 et
284 1769 366 1822 13).
390 1783 409 1805 »

274 1835 330 1875 Le
350 1833 489 1875 Christ
508 1830 726 1872 ressuscite
746 1829 903 1871 &tendit
922 1829 1077 1870 devant
1095 1842 1159 1870 ses
1177 1829 1370 1882 disciples
1387 1830 1459 1870 des
1475 1831 1610 1870 mains
1625 1831 1794 1872 brillan·

221 1905 297 1950 tes,
318 1899 391 1940 des
410 1900 552 1950 signes
570 1896 773 1937 colatants
793 1895 844 1936 de
864 1907 927 1935 ses
946 1895 1090 1948 platos,
1114 1895 1142 1935 il
1164 1895 1306 1936 devint
1334 1908 1498 1936 comme
1531 1908 1587 1936 un
1620 1909 1791 1937 arc—en·

220 1965 299 2005 ciel
319 1965 370 2005 de
390 1964 562 2004 couleur
581 1962 632 2002 de
651 1973 833 2014 pourpre
854 1964 896 2001 et
915 1961 966 2001 de
987 1961 1074 2012 feu,
1097 1961 1181 2001 afin
1202 1960 1403 2001 d'exciter
1422 1962 1527 2002 dans
1547 1961 1638 2002 leur
1663 1963 1793 2015 esprit

221 2108 298 2134 non
338 2095 447 2133 habet
479 2094 682 2141 perquirat,
717 2093 749 2129 si
787 2092 887 2128 tilius
921 2093 983 2128 Dei

218 2155 302 2181 esse
323 2147 504 2191 peroptat.
529 2144 558 2177 t.)
581 2153 666 2187 pax,
694 2140 822 2177 beatus
854 2140 918 2186 qui
951 2145 984 2175 tc

219 2192 346 2235 habet,
384 2190 607 2228 maledictus
651 2189 713 2235 qui
747 2193 782 2223 te
814 2188 893 2224 odit
928 2187 982 2223 vel

217 2239 356 2283 frangit
376 2239 473 2275 inter
494 2237 681 2283 homines,
703 2236 791 2282 quin
811 2236 895 2271 tatis
929 2239 984 2271 est

217 2287 319 2324 silius
353 2285 576 2333 perditionis
605 2289 642 2319 ct
675 2283 940 2326 Antichristus,
965 2299 978 2317 l)

204 2335 366 2372 dicebat
388 2333 627 2379 Augustinus.

262 2383 331 2418 Sed
367 2382 524 2419 ulterius
555 2380 762 2421 videamus,
795 2378 893 2424 quod
929 2378 982 2414 si-

212 2440 331 2472 gnum
353 2430 456 2476 pacis
487 2428 616 2464 nil'ernt
652 2425 834 2462 Dominus
865 2426 982 2462 ‹lisci-

213 2477 325 2525 pulis.
362 2477 454 2513 Audi
475 2474 747 2520 levangetistum
771 2483 779 2510 :
806 2488 819 2505 ιι
843 2474 981 2509 (isten-

211 2525 267 2563 dit
286 2525 342 2562 eis
361 2534 495 2561 munus
515 2528 551 2560 et
572 2522 680 2559 laius.
701 2536 714 2553 n

264 2573 404 2619 Nempe
433 2572 524 2607 sicut
561 2571 650 2606 elini
673 2578 784 2605 arcus
805 2568 841 2604 in
866 2567 980 2604 nubi-

214 2620 283 2658 bus
323 2620 472 2663 signnm
515 2618 583 2654 fnit
623 2616 773 2654 i'mderis
810 2620 841 2650 et
878 2616 980 2661 pacis

213 2672 295 2716 post
316 2670 572 2713 tempestatem
607 2675 678 2719 qun
712 2663 789 2702 Noe
817 2663 978 2710 jactatus

212 2715 282 2753 tuit
313 2725 402 2752 cuin
435 2714 555 2756 titii-⁴3
596 2712 770 2749 snnilitcr
803 2710 842 2747 in
878 2710 977 2746 nutui

213 2762 459 2801 huninniunis
491 2766 667 2806 tunqunin
689 2769 800 2795 arcus
819 2758 922 2804 plicis
942 2763 975 2793 et

211 2810 362 2848 imdcris
382 2818 583 2846 remanens
604 2808 759 2843 vulnera
782 2806 974 2852 crucifixi,

210 2862 295 2906 post
320 2861 579 2904 tempestatem
599 2864 672 2902 qus
695 2854 822 2891 Petrus
855 2853 974 2897 rigitu-

210 2910 271 2943 tus
291 2905 359 2943 suit
379 2915 465 2941 cuin
486 2903 698 2950 discipulis,
735 2901 864 2947 (iisque
892 2901 975 2939 ideo

212 2963 315 2991 nune
335 2952 578 2996 exhibentur,
594 2954 748 2987 nicerte
767 2954 975 2995 agnoscant

203 3001 284 3050 μοι
322 3010 454 3050 paoem
497 3003 534 3037 ct
577 2996 886 3047 tranquillitatem
913 3006 972 3034 rc-

1023 2092 1149 2128 diisse.
1172 2094 1214 2128 in
1246 2092 1355 2129 illurn
1376 2103 1508 2129 nrcuni
1534 2093 1679 2140 quotics
1709 2104 1791 2130 res-

1024 2140 1113 2186 picit
1136 2141 1245 2182 Deus,
1261 2145 1430 2176 movetur
1449 2141 1711 2187 compassione
1732 2151 1791 2178 su·

1024 2199 1091 2233 pet·
1112 2189 1275 2234 peccatis
1290 2188 1503 2234 bominum,
1526 2199 1574 2224 nc
1596 2189 1691 2225 ultra
1711 2189 1790 2226 ‹lis-

1023 2236 1151 2281 pcrdnt
1193 2240 1341 2271 terrain.
1403 2237 1443 2271 ln
1502 2236 1609 2272 ilium
1657 2246 1787 2273 arcum

1022 2283 1166 2328 quoties
1194 2283 1429 2328 respicimus,
1453 2293 1652 2320 monemur
1679 2295 1789 2320 uino-

1023 2331 1072 2366 ris
1092 2335 1127 2367 et
1147 2331 1353 2374 etun-itatis,
1376 2330 1524 2366 i'oederis
1544 2337 1575 2366 ei
1601 2331 1699 2377 pacti
1729 2333 1785 2368 vi-

1021 2382 1068 2414 tm
1088 2378 1185 2425 (mod
1216 2377 1413 2414 nobiscum
1447 2378 1544 2414 iniit.
1570 2380 1697 2425 itaque
1725 2380 1787 2415 di-

1021 2437 1105 2462 cere
1127 2436 1326 2472 pessumus
1346 2426 1392 2462 de
1412 2426 1558 2462 Cin-isto
1581 2436 1715 2463 mutius
1735 2426 1786 2464 ci·

1020 2473 1222 2510 cantricibus
1242 2478 1392 2509 ornatas
1412 2474 1673 2520 protendente,
1686 2474 1785 2520 quod

1022 2521 1287 2557 1⁴]eciesinticus
1307 2521 1353 2556 dc
1374 2521 1467 2557 iride
1481 2532 1510 2556 :a
1528 2521 1617 2558 Vide
1637 2531 1784 2568 arcum,

1019 2574 1053 2605 ct
1076 2569 1233 2605 benedic
1254 2568 1360 2604 illurn
1382 2569 1444 2614 qui
1467 2569 1553 2615 i'ccit
1574 2579 1675 2614 cuin,
1697 2570 1786 2616 quia

1020 2616 1124 2652 valde
1144 2616 1336 2663 speciosus
1356 2621 1411 2652 est
1433 2616 1469 2652 in
1490 2617 1625 2654 decore
1644 2627 1727 2662 suo,
1748 2620 1784 2655 et

1018 2674 1152 2700 munus
1202 2663 1345 2699 ldxcclsi
1393 2669 1620 2709 aperuerunt
1656 2663 1782 2712 illum,

1016 2711 1093 2747 sive
1124 2711 1374 2747 extenderunt.
1407 2710 1529 2748 illum.
1566 2726 1580 2746 n
1605 2711 1782 2749 Extendit

1017 2758 1140 2805 itaque
1184 2758 1353 2795 emistus
1404 2769 1601 2806 resurgens
1645 2768 1782 2797 manus

1015 2807 1176 2850 fulgidas
1208 2806 1405 2843 vulnerum
1445 2806 1625 2854 speciosis
1662 2806 1781 2854 signis

1013 2865 1141 2891 cerum
1165 2854 1363 2900 discipulis
1391 2855 1484 2899 suis,
1503 2854 1697 2901 sectusque
1725 2858 1782 2891 est

1013 2901 1130 2938 instnr
1162 2911 1284 2947 arcus,
1311 2901 1474 2939 coeiesiis
1503 2900 1656 2946 eoloris,
1712 2910 1779 2939 ur·-

1014 2949 1208 2996 purumne,
1246 2954 1281 2986 ct
1314 2949 1429 2995 ignei,
1462 2949 1561 2986 utin
1586 2948 1780 2987 menibus

1012 3007 1142 3035 corum
1174 2997 1352 3034 excitaret
1387 2996 1610 3035 memoriam
1647 2997 1779 3045 ignita
