1890 3184
63 2966 81 3017 ‘ff'

66 3064 81 3091 t

37 3098 106 3184 tt

26 0 159 53 W
63 35 87 69 ἃ
108 0 227 67 'viv
244 0 286 29 κη
311 0 436 44 'MV
450 0 830 50 ῃῖμξῑιῐξξτίιίᾞῖἱ,
843 0 1027 60 ,ἷζῖἒμι
1091 0 1132 22 Ἰ,
1147 0 1177 18 ,ᾖ
1206 0 1258 28 ·.‘.'
1277 0 1283 2 ἡ
1305 0 1311 6 ι
1371 0 1433 26 *⁷⁷0
1452 17 1460 24 .
1552 0 1589 24 ,ἡ
1622 12 1646 35 ·

32 66 49 100 ⁴.
77 60 102 102 ¹,.'
124 61 178 106 JW'
212 64 213 68 Ἰ
410 56 427 67 ’λ
461 71 464 74 ’
539 51 542 55 ¹
566 55 578 73 Ἠ,
591 43 702 82 ’χέ”Ἶβ-ῆ.
722 69 733 83 ις
747 53 765 83 ’⁴
784 44 802 78 ο.
839 50 877 76 ³·-
994 59 998 63 '
1082 47 1104 59 ¹¹
1280 43 1286 49 ⁴
1366 37 1370 42 Δ
1408 57 1427 68 κ
1442 42 1482 78 'av
1585 54 1592 58 “
1607 40 1621 50 .’
1642 40 1646 48 “

542 222 593 252 m
620 215 834 258 omnem«)
862 214 915 244 ns
944 212 994 243 ω
1021 199 1201 242 ’6611116
1578 191 1667 232 359

89 306 359 352 misericorde
378 300 704 349 sut-abundante,
726 299 846 337 votre
876 295 998 334 vertu
1017 292 1060 330 et
1078 289 1197 329 votre
1229 282 1405 325 divinite
1437 279 1654 322 etex-nelle.

90 375 182 417 Elle
199 385 304 414 vous
324 372 482 419 Iouem,
503 369 623 407 votre
641 364 755 404 force
777 357 1146 411 toute-puissante,
1169 353 1287 392 votre
1314 348 1443 388 bonte
1463 347 1658 399 supreme

92 443 136 482 61
153 441 272 480 votre
289 435 448 478 charite
467 431 614 473 infinie
633 440 737 470 avec
755 423 935 478 laquelle
962 433 1065 462 vous
1096 429 1203 459 nous
1234 426 1336 455 avez
1367 413 1497 461 crees,
1518 412 1544 450 ὀ
1566 410 1657 450 Sei-

94 516 233 558 36661
249 504 367 543 notre
386 499 506 548 Dieu,
522 497 588 536 vie
609 496 660 536 de
679 505 779 534 mon
801 492 910 531 6616.
925 502 943 526 »
963 489 1018 527 Le
1038 484 1147 524 saint
1166 482 1339 521 docteur
1358 477 1500 530 ajoute
1518 473 1660 528 (leid),

91 569 267 611 voulant
285 567 471 606 montrer
489 561 682 602 combien
702 570 808 598 nous
826 555 983 596 devons
1003 553 1173 604 reputer
1196 545 1310 598 grele
1331 547 1452 584 notre
1477 541 1664 592 louange

93 647 148 679 en
167 636 363 690 presence
393 630 518 670 d'une
551 627 649 667 telle
682 624 869 675 majeste‚
893 618 1035 673 quand
1067 627 1174 656 nous
1209 621 1390 653 summes
1424 606 1595 659 remplis
1614 605 1665 645 de

94 701 188 740 tant
218 694 575 749 d'inperfectionS‚
599 692 650 731 de
683 689 854 730 miseres
874 688 916 726 et
947 684 999 724 de
1029 681 1204 735 peches:
1230 694 1248 713 ιι
1272 676 1350 723 Qui
1380 672 1534 724 suis-je
1561 683 1668 724 pour

94 775 200 808 vous
218 762 352 810 louer,
371 762 395 800 ὀ
416 760 640 811 Seigneur,
662 767 761 795 mon
780 753 902 801 Dieu,
923 748 997 802 qui
1029 746 1194 787 hubitez
1228 738 1465 782 t'eteruite?
1493 739 1570 778 Les
1603 738 1664 777 te-

97 830 245 872 nebres
277 824 597 867 loueront-elles
629 823 668 862 16
699 819 894 865 16161616,
916 815 957 855 16
983 814 1095 854 mort
1126 805 1419 850 louera-t-etle
1453 803 1494 843 16
1525 803 1605 849 vie,
1627 800 1669 841 16

29 890 35 897 ’
97 895 240 936 venite
259 890 548 933 louera-t-elle
567 889 607 927 16
633 885 792 926 verite?
812 884 925 923 Vous
957 881 1044 919 6165
1077 877 1117 916 16
1139 874 1331 919 lumiere,
1351 871 1396 922 je
1416 870 1501 908 suis
1535 868 1592 907 les
1615 868 1668 906 te·

28 965 47 1010 ᾗ
101 959 268 1001 nebres.
291 959 403 998 Vous
423 957 509 996 6165
529 955 569 993 16
588 952 724 1003 vie‚Je
745 950 829 989 suis
851 949 890 987 16
910 948 1035 987 mort.
1053 944 1167 983 Vous
1186 941 1272 980 6165
1293 938 1332 977 16
1354 934 1498 981 verite,
1521 933 1565 986 je
1585 933 1672 972 suis

35 1035 38 1040 '
103 1023 374 1066 semblables
394 1021 434 1062 16
466 1020 623 1060 venite,
658 1020 715 1057 La
746 1016 954 1068 puanteur
987 1004 1280 1050 louera-t-elle
1315 1003 1353 1042 16
1386 998 1585 1054 parsum?
1607 998 1673 1038 Ma

103 1091 256 1132 misere
275 1100 378 1129 vous
399 1082 712 1127 louera-t-elle?
733 1080 950 1121 L'homme
972 1075 1078 1115 n'est
1111 1083 1191 1125 que
1227 1067 1467 1123 pourriture
1487 1070 1529 1104 et
1549 1064 1587 1103 le
1607 1062 1675 1102 fils

105 1155 157 1196 de
176 1154 375 1195 l’homme
397 1153 502 1192 u'est
532 1149 661 1202 qu'uu
693 1145 964 1186 vermisseau.
987 1142 1044 1180 La
1064 1139 1130 1179 vie
1163 1134 1355 1177 mortelle
1385 1131 1435 1171 de
1458 1130 1674 1175 l'homme,

107 1222 182 1272 qui
213 1222 275 1260 est
304 1216 574 1270 aujourd’hui
606 1219 648 1254 et
679 1211 849 1252 6661616
880 1204 1129 1251 s’evanouit‚
1163 1213 1267 1240 vous
1299 1195 1597 1242 louera-t-ette‚
1625 1192 1677 1232 de

107 1286 309 1327 l'homme
330 1283 402 1336 qui
423 1295 446 1322 6
468 1283 533 1322 ete
553 1291 697 1331 conen,
724 1276 796 1330 qui
826 1278 889 1314 est
913 1274 979 1321 ne,
1003 1269 1076 1323 qui
1096 1281 1121 1308 6
1141 1270 1207 1307 ete
1239 1262 1388 1304 nourri
1418 1261 1524 1302 dans
1543 1258 1581 1299 le
1600 1259 1675 1311 pe-

111 1351 220 1392 che?
239 1364 259 1389 1>

165 1420 206 1457 3⁰
227 1417 369 1456 Pom'r.
394 1436 444 1443 —
463 1415 517 1453 Le
550 1411 762 1451 troisieme
794 1405 1041 1446 fondement
1061 1400 1112 1439 de
1145 1400 1264 1437 notre
1298 1394 1357 1434 foi
1377 1395 1439 1433 est
1460 1402 1541 1444 que
1571 1400 1682 1428 non-

36 1536 46 1543 ·
112 1481 344 1522 seulement
363 1480 467 1520 Dieu
488 1481 626 1518 estun
654 1488 705 1515 66
740 1482 921 1520 6556666,
945 1468 1050 1508 61615
1081 1474 1232 1505 encore
1265 1459 1369 1512 qu’il
1400 1460 1463 1498 est
1496 1455 1606 1495 trine
1626 1465 1685 1494 66

114 1558 357 1601 ΡΘΓΒΟΠΠΒὸ.

169 1612 256 1660 Quo
277 1610 381 1651 Dieu
401 1609 480 1649 soit
499 1621 557 1647 un
581 1619 632 1647 en
653 1614 820 1645 essenee
842 1604 883 1641 et
906 1603 1069 1644 nature,
1088 1607 1142 1635 06
1163 1596 1201 1632 16
1221 1590 1389 1631 6066161
1409 1588 1611 1627 aisement
1630 1583 1683 1624 de

116 1689 163 1718 66
182 1677 255 1730 qui
274 1689 299 1715 a
318 1677 383 1716 616
403 1675 498 1726 deje.
516 1674 590 1720 dit,
615 1683 696 1718 ear,
720 1669 753 1708 si
773 1668 879 1708 Dieu
900 1678 925 1704 6
946 1666 1062 1703 10616
1094 1661 1134 1700 16
1167 1655 1400 1711 perfection
1432 1650 1627 1705 possible,
1657 1647 1689 1689 il

117 1755 171 1785 en
192 1742 346 1783 resulta
378 1740 481 1793 qu’il
512 1738 578 1777 u’a
611 1736 767 1789 qu'une
800 1732 915 1772 seule
947 1738 1114 1769 essence
1152 1723 1394 1763 infiniment
1424 1717 1621 1771 parfaite,
1645 1717 1688 1754 et

67 1804 70 1807 ⁴
119 1808 273 1862 qu'une
301 1806 415 1846 seule
448 1803 638 1844 divinite.
663 1800 735 1841 S'il
756 1811 783 1850 y
803 1796 917 1838 avait
949 1793 1155 1847 plusieurs
1186 1789 1339 1836 Dieux,
1361 1785 1391 1824 it
1423 1781 1610 1823 faudrait
1626 1779 1689 1820 les

119 1873 356 1924 distinguer
374 1882 451 1923 par
470 1868 651 1922 quelque
672 1862 922 1918 perfectiori,
956 1859 1044 1912 qui,
1066 1869 1108 1896 se
1139 1854 1337 1895 trouvent
1370 1850 1474 1890 6665
1507 1847 1612 1896 l’un,
1636 1855 1692 1884 ne

120 1955 164 1983 se
184 1941 414 1982 trouverait
435 1950 508 1992 pas
527 1939 626 1978 ehez
646 1937 810 1980 l’eutoe,
833 1936 876 1972 et
895 1932 966 1970 des
984 1930 1068 1969 lors
1088 1927 1137 1966 ils
1157 1923 1395 1964 n'auraient
1422 1919 1542 1973 point
1573 1917 1691 1956 10616

125 2034 1696 2072 ——-—----—-————————--

123 2137 232 2218 {ema
276 2139 423 2177 quoque
473 2127 591 2163 virtus
637 2128 673 2160 et
715 2121 894 2159 divinitas

139 2189 368 2263 uaos'Laudet
423 2228 458 2259 16
523 2216 894 2266 omnipotentissima

63 2299 66 2301 Δ
128 2273 307 2312 fortitudo
342 2277 418 2315 tua,
458 2280 607 2305 summu
643 2276 791 2314 quoque
825 2263 891 2300 be-

128 2322 296 2369 nignitas
334 2324 412 2361 tua,
451 2322 487 2354 et
531 2318 666 2354 eat-itus
712 2320 788 2356 tua,
829 2321 893 2357 per

131 2380 246 2417 quam
282 2367 416 2404 creasti
455 2375 539 2411 605,
582 2363 740 2400 Domine
781 2361 891 2401 Deus,

130 2417 207 2454 vita
241 2415 380 2452 animae
424 2422 534 2456 61616,
569 2426 582 2442 ιι
620 2410 742 2456 inquit
781 2416 892 2443 56116-

132 2467 194 2500 165
253 2461 495 2508 Augustinus,
541 2458 694 2504 Soliloq.
740 2466 774 2492 e.
822 2454 893 2495 402

132 2510 238 2547 addit
291 2510 429 2546 iterum
485 2507 619 2543 eodem
690 2503 811 2549 eapite
856 2506 895 2536 ut

133 2556 306 2596 ostendat
326 2565 438 2602 quam
466 2555 603 2590 exilem
636 2557 808 2597 reputare
827 2549 893 2584 66-

133 2605 292 2643 beamus
324 2603 470 2639 taudem
503 2605 671 2637 nostram
710 2601 749 2635 in
783 2607 897 2633 cons-

133 2657 247 2701 peetu
267 2655 381 2687 tantae
412 2648 630 2693 majestatis,
658 2643 897 2693 quandoqui—

136 2701 223 2737 dem
255 2702 307 2735 tot
339 2695 703 2743 imperfectionibus,
720 2691 898 2732 miseriis,

136 2746 302 2795 peccatis
321 2749 508 2781 scatemus
529 2753 538 2778 :
566 2758 579 2774 u
598 2742 688 2786 Quis
708 2750 796 2786 ergo
816 2748 900 2774 sum

68 2804 71 2808 ·
137 2799 180 2832 111
219 2794 369 2830 laudem
406 2796 455 2835 16,
497 2790 655 2826 Domine
694 2789 806 2830 Deus,
839 2786 903 2831 qui

138 2841 330 2880 inhabitas
350 2838 626 2876 aeternitatem?
642 2834 832 2880 Numquid
853 2837 904 2869 16-

139 2889 270 2927 nebrae
296 2887 503 2924 laudabunt
531 2885 670 2926 lucem,
708 2887 771 2918 aut
803 2890 906 2917 mors

142 2937 272 2981 vitam,
311 2939 375 2972 aut
415 2933 561 2970 vanitas
605 2931 825 2967 veiitatem?
851 2927 905 2964 Tu

143 2985 240 3031 Lux,
277 2993 346 3028 ego
384 2981 571 3023 tenebrae;
610 2979 666 3015 'ru
703 2977 801 3019 Vita,
839 2985 907 3021 ego

932 2117 1099 2155 vanitati.
1141 2110 1332 2158 Numquid
1369 2108 1479 2145 foetor
1528 2102 1697 2141 laudabit

932 2165 1111 2203 odorem?
1131 2158 1322 2205 Numquid
1344 2154 1510 2193 laudabit
1531 2158 1566 2188 te
1586 2151 1695 2187 mise-

933 2215 986 2250 ria
1022 2223 1119 2254 mea,
1153 2210 1270 2244 Homo
1307 2203 1480 2251 putredo,
1510 2205 1545 2235 et
1580 2198 1696 2234 Filius

934 2260 1100 2298 hominis
1120 2256 1279 2293 vet-mis?
1299 2249 1491 2296 Numquid
1524 2245 1695 2283 mortali-

933 2316 987 2347 tas
1011 2306 1187 2346 hominis,
1210 2313 1293 2350 quae
1325 2299 1436 2336 hodie
1467 2301 1522 2332 est
1553 2298 1589 2331 61
1614 2303 1698 2330 eras

932 2358 1089 2398 tollitur,
1110 2351 1274 2389 laudabit
1295 2354 1330 2384 te
1352 2347 1482 2397 1101110,
1502 2344 1541 2378 16
1568 2350 1701 2388 pecea-

933 2406 979 2442 tis
1000 2405 1217 2447 conceptus,
1239 2402 1363 2437 natus,
1385 2396 1561 2429 nutritus.
1583 2405 1596 2421 ι»

982 2450 1150 2488 Tertium
1229 2443 1530 2481 Fundamentum
1595 2435 1699 2473 Fidei-

935 2503 1073 2537 nostrae
1095 2501 1162 2541 est,
1181 2495 1298 2530 Deum
1320 2500 1397 2526 non
1418 2487 1541 2523 solum
1574 2484 1697 2522 Unum

935 2558 1016 2584 esse
1036 2547 1074 2582 in
1099 2548 1247 2584 natura,
1269 2538 1334 2575 sed
1353 2537 1466 2573 etiam
1486 2533 1645 2570 Trinum
1658 2531 1700 2568 16

936 2592 1121 2642 pet-sonis.

986 2642 1111 2678 Unum
1132 2647 1213 2674 esse
1235 2635 1274 2671 in
1295 2631 1458 2670 essentia
1489 2633 1526 2666 et
1551 2632 1702 2668 natura,

939 2689 1048 2726 facile
1075 2696 1121 2723 ex
1158 2683 1272 2720 dietis
1297 2679 1512 2726 colligitur;
1551 2676 1639 2722 quia
1671 2673 1704 2709 si

942 2738 1039 2773 Deus
1077 2732 1188 2770 habet
1237 2738 1391 2767 omnem
1433 2723 1703 2772 perfectionem

941 2781 1173 2831 possibilem,
1211 2782 1311 2815 recte
1355 2774 1523 2820 sequitur
1568 2769 1705 2806 habere

942 2831 1095 2868 unicam
1133 2825 1335 2864 essentiam
1370 2821 1519 2859 infinite
1557 2816 1704 2864 perfee-

943 2884 1033 2924 tam‚
1053 2881 1090 2914 61
1125 2884 1241 2911 66616
1280 2881 1361 2909 6556
1398 2868 1648 2906 divinitatem.
1670 2861 1709 2898 Si

943 2926 1047 2963 enim
1084 2923 1214 2971 plures
1249 2922 1375 2956 essent
1424 2916 1490 2957 dii,
1530 2912 1711 2964 deberent

943 2973 1071 3020 aliqua
1088 2968 1320 3018 perfectione
1345 2961 1543 3008 distingui,
1564 2968 1652 3004 quta
1669 2966 1711 2992 16

143 3042 263 3070 mors.
283 3031 341 3069 Tu
359 3029 517 3074 Veritas,
537 3038 606 3075 ego
626 3024 763 3063 similis
786 3024 909 3060 factus
946 3031 1022 3058 uno
1041 3022 1153 3069 esset,
1179 3020 1216 3054 61
1248 3025 1328 3053 606
1359 3013 1402 3049 16
1431 3010 1549 3047 altero
1573 3017 1582 3043 :
1602 3010 1638 3042 et
1657 3002 1714 3041 sie
