1884 3164
191 213 350 266 Toutee
376 221 441 263 185
466 220 679 262 creaturos
709 218 882 260 doivent
914 219 1025 260 donc
1053 219 1232 261 chanter
1263 219 1303 260 le
1337 221 1538 274 cautique
1558 224 1714 276 pascal.

138 290 253 332 Nous
265 297 454 343 pouvons
473 285 594 336 donc,
615 296 716 326 avec
746 285 805 326 les
836 285 940 325 trois
970 284 1138 326 eufants
1168 285 1376 326 chantant
1406 285 1576 328 (188518
1595 288 1713 330 four-

138 353 268 404 88158,
289 353 349 394 185
367 351 537 401 inviter,
559 350 748 391 81188888
768 362 821 391 88
842 349 1104 404 particulier,
1125 349 1286 391 810881·
1305 350 1409 391 1)188
1430 354 1472 391 81
1490 351 1714 404 l'Agneau,

138 418 277 462 disant
297 431 307 458 x
334 431 356 458 α
373 417 556 458 OEuvres
576 416 627 456 de
648 416 768 464 Dieu,
791 415 978 457 benissez
998 414 1037 455 le
1057 416 1286 465 Oresteam
1318 416 1509 466 [enez-le,
1532 418 1715 459 8881188-

137 483 178 527 Ie
195 483 299 524 dans
318 487 413 524 tous
430 483 491 523 185
510 482 671 522 5188185.
696 494 716 520 1)

189 550 232 590 1⁰
251 550 329 589 Les
358 548 498 601 Auges
526 547 583 588 du
617 547 824 599 seigneur
855 546 1027 587 doivent
1057 546 1181 587 beuir
1218 545 1257 586 le
1296 546 1521 598 seigneur,
1553 560 1716 591 comme

135 616 266 668 ayant
284 615 350 654 818
369 613 521 654 81101515
552 612 612 652 185
643 613 846 664 premiers
874 624 983 665 pour
1011 613 1100 652 8188
1133 611 1192 652 185
1224 611 1396 652 11888815
1415 612 1527 652 dela
1561 614 1714 655 Resur-

134 679 296 723 motion
333 679 389 720 du
420 679 583 728 Maure,
605 683 646 718 et
678 678 798 718 vetus
829 677 1011 718 d'habits
1049 678 1194 717 blancs
1227 690 1278 717 eu
1312 678 1434 730 signe
1465 678 1516 718 de
1555 678 1596 719 18
1628 679 1717 731 joie

137 744 301 787 celeste.
335 745 389 785 lis
417 744 591 784 doivent
620 743 742 783 benir
774 742 894 784 Celui
927 743 1004 796 qui
1042 745 1193 795 repere
1233 742 1347 783 leurs
1386 744 1526 783 ruines
1562 756 1640 797 par
1670 757 1716 786 58

134 810 430 853 Βό5888881108
461 811 503 850 81
533 808 637 850 reud
667 820 751 848 aux
778 808 945 848 choeurs
972 809 1223 861 angeliques
1254 807 1294 851 le
1323 809 1501 849 nombre
1529 810 1581 850 (18
1608 822 1714 851 ceux

136 874 209 929 qui
229 877 323 915 sont
343 874 520 923 tombes,
542 872 686 926 quand
705 872 735 913 il
755 885 861 913 nous
884 872 1070 926 rappesse
1090 885 1173 913 aux
1194 874 1334 913 trenes
1353 874 1409 913 «lu
1430 874 1523 914 ciel.

187 941 232 980 2⁰
252 942 307 980 Le
327 939 446 980 soleii
466 942 507 979 ct
529 939 569 979 18
588 939 687 978 lune
707 938 881 978 doivent
913 938 1035 978 irenir
1067 938 1107 979 le
1142 938 1364 991 Seigueur,
1388 939 1447 978 les
1479 939 1626 979 8101185
1657 940 1714 980 (18

134 1005 215 1047 8181
234 1005 406 1047 doivent
438 1004 559 1045 118818
593 1004 631 1044 18
666 1003 888 1055 seigneur,
913 1016 966 1043 cn
999 1005 1204 1056 deposant
1234 1004 1327 1044 leur
1356 1004 1466 1044 voile
1498 1004 1549 1044 de
1582 1004 1711 1052 deuii.

133 1071 312 1125 puisque
331 1070 513 1111 l’auteur
532 1069 583 1110 de
602 1070 646 1109 18
665 1069 843 1109 18811888
863 1069 1098 1109 ressuscita.
1121 1069 1334 1122 Quelques
1370 1071 1493 1109 Peres
1522 1073 1717 1110 assurent

135 1148 218 1190 que
238 1137 280 1176 18
294 1135 381 1189 joie
401 1136 456 1175 du
477 1135 556 1175 ciel
577 1135 642 1175 fut
663 1134 762 1175 18118
783 1136 808 1174 a
827 1134 868 1174 18
882 1135 1175 1175 Resurrection
1198 1135 1254 1175 du
1277 1134 1414 1175 Christ
1428 1147 1510 1187 (188
1527 1136 1564 1174 18
1578 1135 1712 1184 501811,

134 1201 174 1242 18
194 1201 399 1254 principat
419 1199 645 1239 luminaire
667 1199 722 1238 du
743 1198 835 1245 ciel,
849 1211 892 1238 58
915 1199 1008 1238 leva
1028 1200 1130 1239 trois
1151 1199 1302 1240 heures
1320 1199 1503 1239 avantle
1526 1203 1717 1241 moment

135 1266 379 1306 8880818188
393 1277 498 1318 pour
509 1264 653 1304 briller
665 1264 763 1304 d’un
779 1263 886 1303 88181
898 1264 1222 1304 1880888.Α1851
1236 1264 1353 1317 pal-le
1369 1265 1480 1304 saint
1496 1266 1715 1319 Gregoire.

136 1329 276 1385 (Hom.
295 1342 400 1384 pour
419 1329 458 1370 la
477 1329 652 1383 Pciquc.)
673 1329 787 1368 Aiusi
811 1341 962 1370 encore
993 1329 1104 1369 saint
1133 1329 1274 1370 Pieri-e
1307 1330 1621 1382 Chrysologue,
1643 1330 1719 1384 qui

134 1396 358 1450 s'cxprime
378 1407 431 1436 en
451 1407 517 1435 ces
537 1398 691 1435 termes
714 1406 724 1433 :
747 1411 767 1431 «
788 1397 842 1434 Le
862 1394 981 1434 soleii
1002 1395 1090 1447 qui,
1114 1407 1222 1447 pour
1241 1395 1447 1447 compatit-
1478 1408 1564 1436 aux
1597 1396 1717 1437 souf-

134 1463 299 1506 mances
318 1462 375 1501 du
395 1461 600 1511 Sauveur,
623 1460 762 1500 s’etait
782 1459 952 1508 (1880118,
976 1463 1176 1500 88808881
1208 1463 1337 1500 avant
1370 1461 1409 1500 18
1432 1465 1566 1514 temps
1600 1461 1719 1502 ordi-

133 1529 267 1579 naire,
291 1528 458 1579 lorsque
479 1527 516 1566 18
538 1526 748 1578 Seigueur
767 1526 988 1565 ressuscita
1007 1537 1108 1565 avec
1127 1525 1251 1566 eolat.
1274 1526 1387 1565 Pour
1420 1526 1583 1566 mourir
1615 1538 1719 1567 avec

131 1606 209 1636 508
228 1594 444 1642 08881888,
467 1592 494 1632 11
515 1591 627 1632 avait
648 1591 782 1632 818181
803 1603 847 1631 58
867 1591 998 1631 818818
1018 1591 1069 1631 (18
1091 1591 1214 1640 midi;
1239 1592 1360 1643 mais,
1385 1604 1494 1644 pour
1516 1593 1718 1632 ressusci-

131 1661 198 1701 ter
216 1671 316 1700 eveo
334 1670 410 1699 son
431 1659 648 1706 Createur,
674 1657 701 1697 il
722 1669 765 1698 se
786 1657 878 1697 leve
898 1659 1026 1696 avant
1045 1656 1222 1697 l'heure.
1244 1657 1276 1696 Il
1298 1657 1413 1698 avait
1434 1657 1497 1699 fui
1517 1660 1646 1698 avant
1674 1657 1720 1699 le.

132 1724 243 1776 nuit,
265 1727 308 1766 81
326 1723 595 1765 81818188881
615 1723 646 1763 11
668 1722 859 1775 ρ88ν1881
879 1722 917 1762 18
934 1722 1036 1774 jour
1054 1734 1162 1774 pour
1194 1721 1364 1763 chasser
1395 1722 1437 1763 18
1472 1723 1581 1773 nuit,
1602 1727 1644 1764 et
1674 1723 1719 1765 18

702 94 726 110 ,ι

603 145 625 155 ’“
680 109 752 172 ᾗ
778 140 877 173 joun
906 140 958 171 DE
990 141 1158 178 nouus.

0 1805 2 1812 ⁸
71 1788 74 1790 “
131 1790 226 1832 nuit
244 1790 349 1832 reud
369 1788 729 1830 81818811888185
749 1788 902 1828 1188885
922 1800 1005 1841 (188
1038 1787 1080 1828 18
1110 1792 1281 1828 1888888
1312 1788 1364 1828 (18
1397 1787 1440 1828 18
1468 1789 1640 1829 passion
1661 1788 1719 1830 du

132 1963 180 2000 ad
199 1961 373 2010 gloriam.
392 1977 406 1994 ιι
424 1962 510 1999 Haec
524 1966 678 1998 sanctus
693 1962 896 2005 0118115010-

132 2021 214 2059 gus.
235 2010 368 2048 Merito
399 2010 512 2057 igitur
546 2010 723 2046 Pas-chata
752 2010 899 2046 Praeco-

132 2059 242 2096 nium
270 2058 398 2095 omnis
429 2058 539 2094 (lebet
565 2062 736 2094 creatura
756 2057 899 2093 decau-

132 2111 232 2151 tarc;
266 2106 474 2152 meritoque
511 2115 599 2142 eum
633 2105 752 2141 tribus
774 2105 900 2151 pueris

132 2154 174 2191 in
195 2153 347 2190 fornace
366 2152 620 2196 cantantibus,
642 2164 705 2190 eas·
735 2153 779 2188 ad
816 2152 899 2188 lau-

133 2202 219 2239 dem
253 2201 318 2238 Dei
349 2207 385 2238 81
417 2201 512 2248 Agni
544 2201 656 2237 modo
687 2200 900 2247 specialiter

132 2249 373 2294 advocamus,
408 2253 444 2285 et
475 2249 669 2286 dicimus:
697 2264 710 2281 a
748 2248 899 2284 Benedi-

133 2297 220 2342 8118,
241 2297 371 2334 omnia
401 2307 515 2343 opera
536 2297 700 2342 Domini,
723 2296 899 2339 Domino,

134 2344 283 2382 laudate
302 2349 338 2381 81
357 2344 631 2390 superexaltate
658 2355 745 2381 eum
766 2344 807 2380 in
828 2354 899 2380 518-

940 1960 1116 2005 Domino,
1149 1960 1350 2002 lugubrem
1379 1961 1562 1998 amictum
1596 1962 1718 2009 depo-

940 2009 1080 2050 nendo,
1131 2014 1285 2045 auctore
1336 2009 1431 2045 tucis
1482 2015 1715 2056 resurgente.

939 2056 1031 2093 Coeti
1053 2056 1146 2092 olim
1169 2061 1316 2092 tantum
1337 2056 1453 2093 fuisse
1472 2057 1655 2103 gaudium
1673 2057 1718 2096 in

939 2104 1077 2141 Christi
1102 2104 1404 2148 Resurrectione,
1419 2109 1591 2141 asserunt
1612 2116 1718 2144 non·

940 2152 1038 2188 118111
1077 2162 1119 2187 ex
1162 2152 1303 2189 sanctis
1351 2152 1536 2195 Patribus,
1570 2157 1610 2189 ut
1643 2152 1717 2201 501,

940 2199 1129 2246 praecipua
1159 2199 1245 2236 coeli
1279 2200 1438 2246 lampas,
1474 2200 1592 2236 tribus
1613 2200 1719 2239 horis

939 2247 1090 2284 solitam
1123 2247 1271 2284 oriendi
1316 2248 1437 2293 legem
1478 2247 1716 2295 preevenerit,

939 2299 975 2331 et
996 2294 1170 2332 insolitos
1191 2295 1384 2332 radiorum
1405 2295 1560 2333 ardores
1581 2306 1717 2334 corus-

940 2353 1006 2379 cus
1039 2343 1231 2380 enituerit.
1267 2343 1327 2379 Sic
1362 2342 1531 2390 loquitur
1561 2348 1717 2383 sanctus

135 2391 240 2430 enta.
265 2406 280 2427 ι
308 2391 561 2429 Ostendamus
583 2392 622 2428 18
641 2392 874 2439 particulari.

182 2437 218 2477 t.
239 2439 466 2477 Benedicere
485 2439 625 2476 debent
657 2439 790 2486 Angeli
825 2440 899 2475 Do-

135 2485 232 2523 mini
254 2487 427 2530 Domino,
444 2492 635 2534 tamquam
655 2487 766 2524 electi
787 2487 901 2534 primi

135 2533 434 2571 Resurrectioms
455 2535 661 2572 Dominicae
689 2535 900 2577 Fra-eones,

136 2584 172 2618 et
210 2581 251 2618 18
288 2581 503 2627 symbolum
550 2583 715 2620 eoetestis
761 2583 903 2619 loetitiae

135 2628 309 2666 candidis
354 2629 459 2666 stolis
501 2630 636 2667 vestiti.
676 2631 903 2667 Benedicere

134 2675 274 2714 debent
295 2676 423 2722 utique
443 2676 563 2723 iilum,
585 2678 649 2726 qui
677 2679 808 2714 ruinas
836 2689 902 2714 eo-

137 2734 221 2761 rum
240 2733 307 2770 per
323 2724 647 2762 Resurrectionem
665 2736 773 2762 suam
791 2736 902 2772 repa-

137 2775 207 2817 rat,
227 2776 262 2808 81
282 2771 323 2808 18
349 2771 475 2808 8110815
494 2771 550 2808 An
576 2772 682 2810 elicis
700 2783 902 2810 numerum

137 2819 371 2865 (1818881811,
394 2818 530 2864 reddit,
577 2829 641 2856 um
659 2830 730 2857 nos
755 2826 903 2859 revocat

137 2866 184 2903 ad
203 2866 375 2904 ooelestes
396 2866 516 2903 sedes.

184 2913 221 2950 2.
243 2914 469 2952 Benedicerc
502 2913 640 2951 debent
660 2913 722 2951 Sol
742 2919 779 2951 et
797 2917 905 2952 Luna

138 2960 316 3008 Domino,
346 2962 567 3000 benedicere
599 2965 636 2999 et
667 2961 789 3000 steliae
817 2962 905 3001 coeli

940 2391 1141 2437 Gregorius
1172 2391 1327 2427 homine
1357 2391 1403 2427 de
1437 2390 1632 2428 Paschate.
1654 2391 1717 2429 Si·-

940 2438 1081 2475 militer
1119 2443 1271 2475 sanctus
1305 2437 1572 2486 chrysologuS,
1598 2450 1715 2477 serm.

940 2498 1088 2530 uxxrn,
1110 2486 1164 2522 sic
1183 2487 1235 2522 ait
1258 2497 1294 2522 :u
1313 2485 1391 2530 Sol,
1406 2487 1470 2532 qui
1492 2491 1531 2524 ut
1553 2487 1716 2526 Domino

940 2538 1230 2581 compateretur,
1264 2533 1510 2578 abscesserat,
1544 2534 1717 2572 claritate

941 2592 1029 2618 cum
1062 2585 1271 2628 resurgeret
1303 2582 1486 2618 Dominus
1504 2587 1592 2619 ante
1614 2587 1713 2620 tem·

942 2640 1011 2676 pus
1039 2630 1222 2672 occurrit;
1245 2633 1281 2666 et
1301 2629 1365 2675 qui
1387 2633 1426 2666 ut
1446 2640 1514 2666 suo
1534 2640 1710 2668 eommo-

943 2682 1085 2714 reretur
1106 2677 1271 2720 Auctori,
1303 2676 1424 2723 ipsam
1460 2677 1714 2715 meridianam

942 2735 1049 2761 suam
1086 2724 1375 2762 mortificaverat
1413 2724 1639 2771 claritatem,
1672 2729 1714 2761 ut

941 2776 1186 2817 consurgeret
1215 2772 1366 2809 Auctori
1401 2782 1483 2816 suo,
1522 2773 1711 2809 anteluca-

944 2830 1014 2856 nus
1046 2820 1188 2866 erupit;
1210 2825 1244 2856 et
1265 2820 1438 2867 quiante
1466 2825 1618 2857 noctem
1649 2819 1714 2871 tu-

942 2872 1057 2913 gerat,
1091 2877 1196 2904 nuuc
1228 2867 1309 2914 ipse
1343 2872 1496 2904 noctem
1529 2869 1713 2913 praevemt

942 2915 1152 2962 fugaturus,
1173 2918 1214 2952 ut
1241 2915 1370 2951 reddat
1388 2915 1465 2951 1881
1486 2925 1559 2966 no}
1582 2913 1712 2966 horas,

943 2973 1036 3010 quas
1065 2966 1186 3001 terror
1218 2961 1428 3000 Dominicae
1447 2962 1637 2999 Passtoms
1655 2960 1722 2998 in-
1744 3009 1761 3014 ‘-
