1832 3172
1669 178 1745 220 251

171 279 269 321 que,
309 278 471 308 comme
506 277 567 306 un
605 263 780 305 vaillant
817 263 1029 317 capitaine
1067 264 1140 316 qui
1178 263 1380 316 empeche
1417 264 1468 304 de
1510 267 1649 306 tontes
1685 278 1751 307 ses

169 333 300 375 forces
318 330 556 384 l'irruption
577 333 620 370 et
637 330 679 370 la
698 329 836 370 ruine.
859 329 967 369 C’est
987 341 1033 369 ce
1054 329 1158 382 qu’it
1178 329 1228 369 fit
1246 341 1322 381 par
1342 329 1383 368 la
1402 329 1556 381 priere.

225 395 333 438 G'est
351 395 460 437 ainsi
479 395 720 447 egelemeut
739 395 952 448 qu’Aaron
974 395 1080 435 lutte
1099 397 1244 435 contre
1266 394 1386 441 Dieu,
1403 396 1553 434 tenant
1571 394 1751 436 l'cncen-

171 461 257 504 seir
274 464 318 503 et
336 461 492 502 offrant
521 461 581 501 les
610 461 815 513 par-sums,
839 460 995 501 debout
1027 463 1146 500 entre
1173 459 1232 499 les
1251 463 1382 499 moi-ts
1414 462 1456 499 et
1485 458 1548 499 les
1566 460 1749 511 vivants,

169 538 278 580 pour
296 527 458 568 arreter
482 526 524 566 10
542 525 678 566 colere
709 525 848 567 divine
881 526 954 578 qui
986 524 1176 565 sevissait
1207 524 1304 576 deje
1334 530 1479 565 contre
1510 523 1550 565 le
1581 526 1750 578 peuple.

168 591 332 646 (Nomb.
353 603 440 642 xvl,
460 595 511 632 47
533 594 577 631 et
594 590 681 644 48.)
699 607 718 628 x»

224 656 362 705 Enfin‚
381 669 434 697 011
458 660 558 709 peut
576 657 841 696 reconnaitre
859 668 1010 696 encore
1029 654 1089 696 les
1108 655 1205 695 bras
1225 655 1329 695 forts
1342 654 1468 695 d'une
1487 656 1593 695 lutte
1607 659 1752 696 contre

170 722 275 763 Dieu
297 722 403 762 dans
423 722 652 770 Abraham,
674 721 816 774 quand
838 721 865 760 il
888 721 1080 761 s'avance
1109 733 1216 774 pour
1244 721 1370 773 punir
1391 720 1588 761 Sodome.
1611 722 1751 772 Voyez

168 799 270 828 avec
290 787 427 840 quelle
447 789 748 840 perseverance
780 787 811 826 it
842 787 948 827 lutte
971 799 981 825 ε
1002 802 1022 823 «
1044 786 1274 837 Abraham,
1296 786 1357 826 dit
1387 785 1623 836 l’Ecriture,
1646 786 1752 827 etait

170 852 327 893 debout
357 853 513 893 devant
545 852 584 893 le
617 853 842 904 Seigneur‚
877 856 919 891 et
950 852 1242 905 s’approchent
1273 851 1302 890 it
1335 851 1426 891 dit:
1450 852 1752 892 Perdrez-vous
1792 879 1799 886 -

167 916 397 958 l'innocent
417 930 517 958 avec
536 917 574 958 le
594 917 827 970 coupable‘?
847 917 920 958 S'il
941 930 967 970 y
987 918 1100 956 avait
1120 917 1348 969 cinquante
1363 917 1498 968 justes
1519 916 1623 956 dans
1641 920 1752 959 cette

169 982 283 1031 ville,
304 995 358 1023 ne
378 983 438 1023 lui
456 983 884 1036 pardonneriez-vous
910 982 1013 1035 pas?
1034 998 1054 1018 »
1078 984 1133 1022 Le
1166 982 1378 1034 Seigneur
1410 982 1508 1022 cede
1542 986 1583 1021 et
1604 982 1633 1022 il
1652 982 1715 1022 dit
1737 995 1748 1023 :

174 1062 195 1086 11
213 1047 258 1088 Si
271 1048 316 1100 je
336 1050 485 1088 trouve
505 1061 557 1088 en
578 1048 759 1090 Sodome
780 1049 1008 1100 cinquante
1039 1049 1186 1099 justes,
1207 1048 1251 1099 je
1282 1047 1566 1100 pardonnerai
1587 1050 1612 1087 0
1633 1051 1751 1088 toute

168 1111 211 1153 la
234 1112 332 1153 ville
363 1115 389 1153 ὲ
418 1125 542 1153 cause
572 1113 712 1153 d’eux.
733 1127 754 1150 »
778 1112 993 1153 Abraham
1025 1112 1207 1164 reprend
1232 1124 1242 1151 :
1265 1113 1355 1160 Que
1388 1112 1662 1161 feria-vous,
1684 1112 1751 1153 s’il

168 1190 198 1230 y
216 1189 270 1218 en
292 1178 405 1218 avait
425 1178 775 1230 quarente-cinq?
795 1180 852 1218 Le
882 1177 1093 1229 Seigncur
1122 1177 1237 1225 cede,
1261 1182 1302 1216 et
1321 1177 1382 1216 dit
1405 1191 1414 1217 :
1437 1178 1486 1218 Je
1506 1178 1750 1230 pardonne-

167 1243 248 1284 rai.
270 1265 323 1273 —
342 1244 393 1283 Et
412 1243 475 1283 s'il
506 1243 592 1283 s'en
627 1247 776 1283 trouve
807 1243 1044 1295 quarente?
1065 1244 1121 1282 Le
1144 1242 1353 1294 Seigneur
1381 1242 1482 1282 cede
1513 1246 1556 1282 et
1586 1242 1647 1283 dit
1669 1257 1679 1283 :
1700 1243 1752 1284 Je

166 1308 467 1362 pardonnerai.
501 1308 716 1349 Abraham
748 1309 950 1348 continue
981 1310 1023 1347 et
1056 1319 1109 1347 ne
1144 1319 1186 1346 se
1217 1306 1456 1359 decourege
1489 1307 1606 1360 point
1629 1319 1638 1347 :
1661 1308 1751 1356 Que

168 1373 409 1414 ferez-vous
427 1373 490 1413 s'il
513 1386 540 1426 y
560 1385 614 1414 en
632 1386 657 1414 0
676 1366 846 1414 trente?
867 1374 955 1421 Que
977 1374 1217 1412 ferez-vous
1238 1373 1300 1412 s’il
1326 1385 1353 1424 y
1374 1384 1426 1412 en
1447 1386 1471 1412 a
1490 1373 1639 1426 vingt?
1661 1374 1752 1421 Quo

168 1438 403 1480 ferez-vous
435 1438 497 1479 s'il
517 1452 545 1491 y
565 1451 618 1479 en
639 1451 662 1478 a
682 1439 783 1479 dix?
804 1438 837 1478 Il
857 1439 962 1478 lutte
982 1437 1145 1490 chaque
1180 1437 1259 1477 fois
1290 1441 1333 1477 et
1365 1438 1470 1490 prie,
1505 1437 1753 1479 souhaitant

167 1516 211 1544 se
232 1504 343 1546 tenir
362 1504 518 1544 debout
537 1506 561 1544 0
580 1504 622 1543 la
640 1504 810 1554 breche,
827 1504 910 1543 efin
930 1503 1136 1555 d'apaiser
1156 1503 1196 1542 la
1211 1502 1348 1542 colere
1367 1503 1418 1542 de
1438 1503 1543 1543 Dieu
1563 1507 1605 1543 et
1624 1502 1753 1544 d'em-

165 1569 320 1623 pecher
339 1569 381 1609 10
398 1569 521 1609 1111110
541 1569 592 1609 de
613 1569 809 1609 Sodome.
833 1570 898 1616 Et,
923 1568 1021 1608 bien
1044 1580 1123 1620 que
1146 1569 1184 1608 le
1205 1568 1414 1620 Seigneur
1443 1580 1487 1607 se
1519 1568 1599 1607 soit
1619 1568 1749 1608 retire

165 1633 218 1674 de
237 1634 297 1674 lui
317 1637 359 1674 et
378 1646 420 1674 se
440 1635 521 1674 soit
541 1637 696 1674 nvance
716 1647 823 1687 pour
842 1634 1003 1674 chutier
1033 1634 1092 1674 les
1124 1633 1288 1686 impies,
1314 1645 1439 1685 parce
1471 1646 1554 1686 que
1585 1634 1627 1673 la
1658 1645 1750 1674 me·

729 186 851 217 Luam
880 186 954 216 DES
985 185 1224 216 ROGATIORS.

165 1711 262 1740 sure
280 1699 332 1740 de
351 1699 464 1740 leurs
483 1700 634 1752 peches
648 1700 751 1740 etait
765 1699 942 1748 comble,
960 1699 1196 1752 cependant
1216 1711 1292 1751 par
1312 1711 1357 1739 sa
1377 1699 1513 1751 priere
1534 1699 1749 1739 Abraham

164 1764 317 1806 merite
337 1776 420 1818 que
440 1765 563 1814 Loth,
585 1778 686 1805 avec
706 1778 751 1805 50
771 1765 927 1805 femme
948 1769 991 1805 et
1011 1778 1075 1805 ses
1095 1765 1217 1815 filles,
1232 1764 1313 1804 soit
1334 1764 1412 1804 tire
1433 1764 1484 1804 de
1505 1764 1688 1806 Sodome
1707 1768 1751 1806 et

167 1830 352 1883 echappe
370 1832 396 1870 ὲ
414 1829 653 1870 l’incendie.
678 1830 794 1870 Ainsi
815 1830 856 1870 la
875 1831 1015 1883 priere
1036 1830 1296 1870 d'Abraham
1327 1834 1369 1870 et
1402 1842 1447 1869 sa
1477 1831 1583 1870 lutte
1603 1832 1750 1872 contre

166 1894 272 1936 Dieu
292 1895 432 1936 furent
451 1895 656 1935 efficaces.
677 1894 795 1948 (Gen.
815 1894 957 1949 xv111.)

221 1959 256 2001 lt
274 1959 364 2000 faut
382 1960 493 2000 aussi
513 1960 749 2000 consideret
768 1961 1093 2001 attentivement
1112 1960 1281 2000 l'action
1296 1960 1451 2010 d·Etie;
1473 1960 1554 2001 elle
1573 1960 1749 2013 indique

195 2137 356 2175 edientis
382 2142 417 2174 et
444 2138 608 2175 ruinam.
632 2139 710 2176 Hoc
749 2138 932 2175 nimirum

182 2185 254 2223 ecit
274 2196 341 2232 per
360 2185 586 2223 orationem.

215 2233 276 2270 Sic
295 2238 332 2270 et
350 2234 472 2270 Aaron
494 2233 654 2270 luctatur
667 2239 798 2270 0011110
817 2233 933 2269 Deum

167 2284 302 2318 tenens
348 2281 583 2318 thuribulum
633 2286 668 2318 et
716 2281 932 2324 incensum,

167 2332 272 2365 stans
291 2328 390 2365 inter
419 2333 586 2366 mortuos
624 2334 660 2366 et
696 2329 933 2372 viventcs‚ut

165 2375 263 2413 iram
282 2375 547 2412 desaevientem
567 2377 761 2422 impediat.

216 2423 398 2469 Denique,
421 2424 594 2469 quaedam
617 2424 717 2460 lucta
738 2435 803 2470 pcr
847 2434 933 2460 010-

170 2469 285 2506 tionis
315 2470 428 2507 fortes
460 2470 619 2508 lacertos
648 2472 866 2518 agnoscitur
895 2471 935 2507 in

167 2516 357 2554 Abraham
376 2522 508 2554 contra
527 2519 658 2564 Deum,
681 2519 772 2555 dum
800 2529 934 2565 procc-

168 2563 272 2600 deret
290 2564 339 2600 ad
358 2565 591 2610 puniendam
605 2566 820 2603 Sodomam.
845 2566 935 2602 Vide

167 2621 282 2657 quam
301 2618 582 2658 perseveranter
594 2613 769 2650 luctatur.
792 2613 934 2657 Stabat,

167 2659 293 2705 inquit
317 2659 521 2705 Scriptura,
547 2673 562 2691 κ
596 2671 724 2697 0010111
760 2661 935 2703 Domino,

167 2710 204 2743 et
241 2707 551 2753 appropinquans
599 2708 650 2744 ait
691 2719 699 2744 ε
741 2708 934 2754 Numquid

165 2754 300 2807 perdes
311 2754 458 2800 justum
472 2765 561 2791 curn
578 2754 697 2801 impio
713 2758 728 2792 ?
741 2756 778 2792 Si
795 2756 936 2792 fuerint

166 2800 220 2838 tbi
269 2801 545 2847 quinquaginta
596 2802 704 2848 Justi,
748 2803 933 2849 numquid

165 2858 298 2902 parces
323 2849 406 2886 1000
439 2849 527 2886 illi?
558 2864 573 2883 ι
610 2850 715 2886 Cedit
754 2850 936 2887 Dominus

166 2894 256 2942 1psi,
281 2900 316 2932 et
354 2896 476 2933 dicit:
499 2896 536 2933 Si
568 2896 710 2933 fuerint
746 2898 793 2934 50
826 2898 931 2953 ¹justi,

166 2942 355 2980 dimittam
387 2944 491 2980 omni
528 2944 611 2981 loco
643 2948 796 2992 propter
830 2946 932 2983 11105.

973 2144 1005 2176 01
1027 2139 1118 2176 dicit
1141 2149 1149 2175 :
1170 2140 1338 2176 Parcum.
1363 2138 1460 2182 Quid
1481 2139 1512 2174 si
1545 2138 1622 2175 100?
1642 2138 1748 2176 Cedit

976 2187 1157 2223 Dominus
1171 2185 1746 2231 0101011εΡο100111.Ρο15010101,

974 2245 1045 2270 nec
1063 2234 1222 2271 desistit.
1246 2234 1344 2278 Quid
1365 2234 1396 2270 si
1418 2234 1477 2270 30.
1502 2234 1598 2277 Quid
1619 2233 1651 2270 si
1670 2234 1750 2271 2⁰?

974 2282 1068 2326 Quid
1091 2283 1122 2318 si
1143 2282 1219 2318 to?
1247 2283 1304 2318 Eu
1338 2282 1447 2317 toties
1481 2281 1643 2317 luctatus
1674 2286 1749 2329 est,

974 2330 1121 2375 quoties
1142 2334 1314 2376 precatus
1334 2334 1469 2375 optans
1496 2329 1536 2365 in
1569 2328 1748 2367 confrac-

975 2377 1076 2413 tione
1106 2382 1203 2413 stnrc
1241 2377 1369 2423 <vulgo
1394 2376 1422 2413 ὰ,
1449 2376 1493 2413 la
1532 2375 1684 2421 breche)
1705 2382 1747 2414 ut

973 2425 1203 2471 disperderet
1215 2425 1309 2461 iram
1317 2428 1353 2460 et
1363 2423 1563 2470 impediret
1576 2424 1742 2461 ruinam.

975 2472 1019 2508 Et
1045 2473 1217 2518 quamvis
1244 2471 1450 2508 excusserit
1481 2483 1522 2508 se
1561 2472 1748 2510 Dominus

973 2519 1020 2555 ab
1040 2530 1098 2565 eo,
1120 2525 1154 2555 et
1193 2520 1239 2556 ad
1274 2519 1479 2556 vindictam
1516 2520 1744 2566 processerit

974 2567 1192 2613 impiorum,
1214 2567 1302 2614 quia
1341 2567 1494 2614 impleta
1524 2572 1604 2604 erat
1628 2578 1742 2604 men-

975 2625 1060 2650 sura
1113 2620 1368 2661 peccatorum,
1410 2619 1536 2651 tamen
1574 2616 1746 2652 oratione

975 2672 1042 2698 sua
1064 2663 1271 2708 promeruit
1291 2667 1330 2699 ut
1345 2662 1436 2699 Loth
1458 2673 1546 2700 cum
1567 2673 1685 2700 uxore
1705 2666 1744 2699 et

977 2709 1127 2746 titiabus
1164 2710 1415 2747 educerentur
1451 2721 1472 2747 e
1506 2710 1668 2747 Sodoma
1706 2713 1747 2746 et

976 2758 1154 2802 nammis,
1217 2758 1271 2794 sic
1327 2769 1407 2795 non
1472 2758 1543 2794 fuit
1607 2757 1743 2794 efficax

975 2805 1143 2850 precatio
1163 2809 1199 2841 et
1218 2805 1318 2842 lucta
1339 2806 1421 2852 ejus
1440 2815 1528 2842 cum
1547 2806 1634 2841 Deo.

1022 2852 1330 2890 Consideratione
1350 2863 1500 2900 quoque
1534 2853 1649 2898 digna
1687 2855 1744 2889 est

973 2900 1071 2936 actio
1092 2900 1199 2945 Etiae,
1220 2900 1286 2937 1110
1305 2901 1410 2938 0111111
1447 2900 1603 2942 indicat,
1627 2908 1743 2945 quam

976 2949 1188 2984 necessaria
1206 2948 1254 2985 sit
1286 2948 1328 2985 in
1363 2947 1535 2984 oratione
1565 2956 1742 2992 perseve-

165 2990 265 3036 Quid
283 2991 317 3029 si
334 2991 382 3030 ⁴5
400 2991 571 3030 fuerint?
597 2992 702 3030 Cedit
732 2993 932 3041 Dominus,
973 2995 1096 3033 tantia
1130 2996 1179 3032 ad
1216 2995 1512 3042 impetrandum.
1554 2994 1598 3032 Ut
1635 2993 1741 3032 enim
