1832 3172
75 20 96 33 ,.

31 0 85 72 ᾗ

39 112 50 125 ,.

1583 170 1662 211 235

82 278 190 309 vous
223 263 448 318 reiouissez
484 264 588 304 (1885
634 262 674 303 18
721 265 867 311 neunt,
927 259 1075 314 (Amos.
1123 270 1182 308 VI,
1236 258 1323 312 14.)
1348 272 1368 296 υ
1410 263 1453 299 81
1489 271 1665 300 ressemn

83 332 155 373 ble
172 334 197 372 8
214 331 256 372 18
269 330 356 384 j0ie
375 340 457 382 que
474 329 603 370 Jonas
621 327 817 368 ressentit
852 339 949 366 sous
986 325 1251 365 l'arbrisseau
1283 323 1357 377 qui
1389 335 1432 363 se
1464 323 1665 365 1185588118

85 396 350 451 rapidement
369 393 519 448 (Jonas.
539 404 600 443 lv,
622 395 648 434 6
666 398 709 433 81
726 391 803 445 7.),
826 404 882 432 08
900 394 926 431 a
945 394 1054 431 cette
1069 390 1158 442 joie
1177 401 1261 442 que
1282 391 1445 429 ressent
1463 387 1665 429 l'homme

86 461 161 516 qui
177 461 275 502 reve
297 459 402 513 qu’il
421 470 578 511 mange
597 461 641 498 et
658 458 748 498 hoit
767 458 922 498 durant
947 468 1023 496 son
1055 454 1248 495 sommeil
1285 458 1328 495 et
1365 453 1438 506 qui
1475 452 1666 506 lorsqu'il

86 525 268 568 s'eveille
289 539 308 562 α
331 527 426 565 5881
443 535 594 564 encore
614 535 687 563 sou
707 526 892 563 estomac
910 522 1004 561 vide
1027 520 1160 574 (Isai‘e.
1180 530 1294 568 xxix,
1317 521 1359 560 8.
1379 532 1400 556 8
1425 520 1543 560 Cette
1561 517 1662 569 joie,

84 589 331 646 puisqu'elle
349 594 412 630 est
429 590 566 639 vaine,
590 588 620 628 il
650 600 704 628 ne
743 588 835 627 faut
866 599 942 639 pas
977 587 1019 627 18
1061 585 1294 626 demander
1325 586 1351 624 8
1382 583 1504 624 Dieu.
1541 584 1662 632 Mais,

83 656 116 697 11
135 668 164 709 y
182 667 209 696 8
227 666 313 695 888
332 658 453 695 autre
468 654 556 708 joie
576 653 838 705 semipleine.
859 652 976 693 'Pelle
995 655 1059 692 851
1085 654 1201 690 votre
1229 650 1318 701 joie
1349 661 1403 689 en
1436 652 1544 690 cette
1578 648 1661 699 vie,

32 758 35 766 .,
85 721 228 775 quand
249 720 330 760 elle
349 719 505 763 resulto
525 731 610 758 non
633 719 704 758 des
722 718 952 765 honnems,
975 717 1048 757 des
1067 716 1271 756 richesses
1290 727 1346 754 ou
1376 714 1449 754 des
1483 715 1659 766 prospe·

20 784 23 814 ¹>
90 786 191 826 rites
210 785 475 835 mondaines‚
496 784 602 824 mais
620 783 717 824 bien
737 783 788 824 de
807 783 848 823 18
870 785 994 835 grece
1013 782 1070 822 du
1089 780 1363 832 Saint-Esprit
1382 783 1426 819 et
1456 779 1509 819 de
1540 780 1582 819 18
1606 780 1667 819 se-

24 882 25 885 η
87 851 222 892 (aurite
241 850 293 890 de
311 850 353 890 18
373 849 627 891 conscience.

452 175 675 222 8810811818
703 183 919 215 omnuim
947 173 1076 212 Arnus
1105 181 1274 217 moues.

142 917 178 957 A
196 918 303 956 cette
319 909 405 967 joie
424 927 468 955 se
487 917 685 967 rapporte
704 914 745 954 18
763 914 986 966 prophetie
1007 913 1058 953 de
1078 912 1239 953 Michee
1265 925 1274 951 :
1300 927 1320 948 «
1342 909 1514 951 Chacun
1534 922 1578 949 se
1596 922 1664 950 re-

20 972 22 977 ’
86 993 237 1034 posera
255 992 352 1020 sous
372 992 417 1020 58
436 979 564 1032 vigne
584 984 627 1019 et
645 991 741 1020 sous
769 991 843 1018 son
870 978 1040 1030 figuier,
1074 982 1117 1018 et
1148 978 1223 1017 881
1257 989 1310 1016 88
1343 977 1402 1016 185
1434 975 1664 1016 troublera.

16 1044 22 1053 ‘
89 1045 229 1100 (Micia.
251 1057 308 1094 lv,
331 1045 391 1099 4.)
413 1059 433 1083 »
456 1044 682 1097 Prophetie
703 1056 784 1097 que
804 1044 915 1084 58181
933 1045 1102 1084 Jerome
1122 1042 1321 1096 applique
1342 1044 1366 1080 8
1385 1042 1425 1081 la
1439 1041 1568 1092 vigne
1587 1041 1653 1092 spi

87 1111 272 1161 rituelle,
293 1111 399 1152 dont
419 1111 458 1151 le
478 1111 689 1162 Seigneur
709 1122 734 1150 8
753 1110 815 1149 (111
837 1123 846 1149 :
872 1125 891 1145 «ι
912 1110 960 1150 Je
980 1108 1065 1148 suis
1084 1104 1128 1148 18
1146 1107 1262 1147 vraie
1283 1107 1426 1158 vigne.
1442 1105 1574 1158 (Jean.
1596 1117 1666 1158 xv,

91 1177 150 1230 1.)
166 1190 188 1215 1>
212 1178 289 1219 Les
304 1176 439 1228 justes
459 1179 666 1227 mangent
685 1178 728 1214 81
745 1174 915 1214 boivent
934 1187 1007 1213 508
1029 1173 1147 1221 fruit,
1170 1172 1198 1212 il
1230 1172 1387 1223 rejouit
1405 1171 1443 1210 le
1469 1183 1585 1210 coeur
1615 1171 1668 1211 de

89 1241 290 1283 l'homme
309 1244 353 1281 et
371 1253 425 1280 on
446 1241 485 1281 18
503 1243 589 1280 sert
608 1252 694 1280 aux
715 1240 822 1279 81815
842 1239 893 1279 (18
913 1239 1095 1291 l'epoux.
1113 1238 1146 1278 ll
1165 1242 1228 1277 est
1241 1239 1363 1276 88858
1384 1248 1553 1289 reposer
1571 1247 1669 1276 sous

90 1306 131 1348 le
150 1307 306 1359 figuier
325 1309 366 1346 81
398 1317 452 1346 88
484 1305 684 1346 redouter
715 1317 877 1344 aucune
909 1303 1128 1352 8181188118,
1160 1302 1269 1342 88181
1301 1302 1374 1354 881
1401 1302 1514 1354 jouit
1544 1301 1596 1341 de
1626 1300 1670 1341 la

91 1372 278 1413 douceur
323 1371 375 1411 de
421 1370 606 1423 l’Esprit‚
655 1382 698 1410 se
735 1370 911 1410 rassasie
948 1369 999 1409 de
1038 1381 1101 1408 ses
1148 1368 1287 1415 frutis,
1336 1366 1511 1416 charite,
1561 1366 1666 1418 joie,

90 1449 206 1491 pmx.

145 1500 255 1543 C’est
272 1504 380 1542 cette
395 1500 483 1552 j0ie
501 1499 602 1541 d’un
623 1511 740 1540 coeur
760 1512 840 1552 pur
859 1502 901 1539 et
920 1499 1045 1539 d’uue
1065 1498 1207 1537 bonne
1239 1496 1484 1537 conscience
1517 1508 1600 1548 que
1627 1496 1669 1536 le

91 1566 302 1619 seigneur
320 1569 420 1606 veut
439 1578 522 1619 que
542 1577 649 1605 nous
670 1565 960 1614 (188188111085,
984 1576 1070 1614 car,
1104 1564 1200 1602 bien
1233 1562 1387 1616 qu’elle
1424 1562 1505 1600 soit
1540 1561 1667 1601 semi-

90 1631 244 1686 pleine,
266 1643 391 1684 parce
411 1642 492 1684 que
511 1629 611 1670 c'est
630 1631 670 1670 18
698 1630 784 1681 joie
813 1630 869 1669 du
889 1629 1057 1669 chemin
1078 1632 1121 1668 et
1140 1628 1191 1667 de
1212 1627 1252 1666 la
1270 1627 1336 1666 vie
1356 1626 1564 1675 mortelle,
1593 1625 1670 1666 les·

92 1696 211 1751 quels
229 1696 347 1737 n’ont
366 1696 487 1749 point
506 1707 657 1736 encore
689 1695 731 1735 18
762 1695 977 1747 plenitude
1003 1698 1044 1734 et
1075 1694 1115 1734 la
1146 1693 1393 1746 perfection‚
1417 1692 1496 1732 elle
1527 1692 1670 1732 donne

90 1761 354 1812 8888810185,
366 1762 439 1801 (185
459 1761 591 1801 forces
610 1773 716 1813 pour
735 1760 954 1812 parcourir
973 1759 1067 1812 plus
1086 1760 1170 1799 vite
1190 1759 1230 1798 18
1249 1758 1348 1798 voix
1367 1758 1440 1798 des
1455 1769 1670 1797 comman-

90 1827 296 1878 demonis,
318 1830 360 1867 et
378 1826 459 1867 elle
476 1826 595 1866 vient
614 1826 665 1866 de
686 1826 806 1866 Dieu.

143 1892 179 1933 ll
196 1904 224 1944 y
244 1904 270 1932 8
288 1892 397 1932 (1088
415 1902 499 1931 888
514 1891 603 1942 joie
622 1890 762 1943 pleine
782 1893 825 1930 81
843 1890 1020 1940 enuere,
1042 1892 1067 1928 8
1086 1888 1268 1942 laquelle
1289 1891 1398 1928 cette
1412 1887 1515 1939 joie,
1539 1886 1666 1927 semi-

93 2097 209 2125 cuum
246 2091 282 2124 et
313 2086 446 2132 inane3
481 2087 555 2124 tale
585 2091 642 2124 est
681 2086 859 2133 gaudium
899 2097 1037 2132 nymus
1065 2086 1112 2123 de
1145 2085 1262 2122 Vinea
1295 2083 1496 2132 spirituali,
1516 2083 1563 2119 de
1594 2093 1669 2130 qua

92 2135 244 2179 mundi,
264 2135 310 2172 de
330 2145 403 2182 quo
427 2146 437 2172 :
462 2149 476 2168 ι
499 2135 562 2172 Vae
582 2135 645 2182 qui
677 2135 861 2171 laetamini
903 2135 1084 2170 Dominus
1100 2145 1130 2169 :a
1151 2134 1227 2179 Ego
1241 2143 1325 2168 sum
1339 2132 1424 2168 vitis
1445 2142 1542 2168 vera.
1560 2146 1573 2162 υ
1594 2130 1668 2167 118·

92 2182 136 2220 in
154 2182 280 2219 nihil:
306 2197 320 2215 ιο
344 2183 544 2229 simileque
563 2187 618 2219 est
637 2182 693 2218 illi
724 2183 860 2227 gaudio
896 2181 957 2226 jus
993 2182 1136 2217 fructus
1166 2181 1378 2217 comeditur
1415 2184 1450 2215 et
1485 2178 1626 2214 bibitur
1644 2189 1668 2215 8

93 2231 194 2277 quod
212 2231 328 2267 Jonas
346 2230 584 2277 concipiebat
619 2229 689 2266 sub
724 2230 860 2266 hedera
895 2229 1020 2274 justis,
1044 2229 1207 2265 laetificat
1236 2239 1300 2265 cor
1334 2227 1514 2270 hominis,
1535 2225 1669 2272 propi-

92 2288 182 2315 mox
202 2282 410 2322 arescente,
430 2283 495 2314 aut
515 2278 572 2314 illi
604 2276 740 2323 gaudio
761 2277 859 2323 quod
902 2282 1084 2322 nutui-que
1119 2276 1254 2312 amicis
1292 2275 1435 2322 sponsi.
1475 2273 1552 2309 Sub
1591 2274 1667 2310 tieu

93 2327 290 2363 somnians
319 2325 472 2372 accipit,
505 2326 656 2372 quando
689 2326 861 2361 esui-icus
899 2334 1047 2370 quoque
1092 2324 1326 2370 requiescere
1370 2327 1572 2367 censetur,
1629 2325 1667 2358 et

92 2372 135 2410 in
148 2383 283 2414 somno
302 2374 467 2410 eomedit
491 2378 526 2410 et
559 2372 667 2417 bibit,
689 2373 859 2408 (181888-
899 2371 1043 2407 nullius
1086 2371 1245 2408 insidias
1288 2369 1554 2414 reformidare,
1601 2368 1667 2423 881

94 2424 172 2457 tem
200 2421 473 2467 expergiscitur
492 2431 608 2457 vacua
640 2424 696 2456 est
732 2420 860 2455 anima
898 2419 1100 2455 dulcedine
1131 2419 1292 2465 Spiritus
1323 2417 1473 2455 fruitur.
1494 2421 1529 2453 81
1562 2415 1667 2453 111185

93 2466 189 2521 eJus.
219 2467 266 2503 Et
304 2467 375 2504 hoc
413 2468 593 2514 gaudium
626 2478 714 2504 eum
746 2467 860 2503 inane
900 2465 1084 2502 fructibus
1103 2467 1271 2509 satiatur,
1295 2465 1491 2507 charitate.
1512 2464 1664 2510 gaudio,

95 2517 157 2559 511,
177 2525 201 2550 a
225 2515 302 2551 Deo
333 2525 412 2551 non
439 2519 495 2551 est
527 2515 773 2562 poscendum.
798 2515 860 2550 Est

94 2566 223 2598 autem
265 2562 426 2598 alterum
469 2563 648 2608 gaudium
687 2562 860 2607 semiple-

95 2618 205 2645 num.
227 2608 317 2644 Tale
336 2613 392 2645 est
418 2609 595 2655 gaudium
628 2614 801 2646 nostrum
819 2610 859 2644 in

900 2524 1003 2559 pace.
1033 2514 1110 2550 Hoc
1141 2514 1322 2558 gaudium
1359 2512 1444 2559 puri
1475 2512 1600 2548 cordis
1629 2516 1666 2548 et

901 2560 1009 2597 bouae
1028 2561 1274 2598 conscientiae
1289 2560 1368 2596 vult
1387 2570 1457 2596 805
1476 2559 1667 2606 postulare

901 2608 1083 2645 Dominus
1118 2619 1127 2645 :
1162 2609 1249 2655 quia
1281 2608 1369 2645 licet
1400 2608 1448 2644 sit
1485 2606 1668 2654 semiple-

96 2655 168 2693 hae
187 2655 276 2698 vita,
297 2656 396 2701 quod
429 2656 548 2693 oritur
571 2667 651 2693 non
670 2667 716 2693 ex
737 2657 860 2693 hono-

94 2702 214 2748 ribus,
235 2703 390 2746 divitiis,
405 2708 469 2739 aut
483 2705 727 2750 prosperitate
746 2714 861 2740 58888-

95 2750 138 2795 11,
158 2750 226 2787 sed
244 2761 288 2787 ex
322 2751 440 2797 gratia
459 2751 633 2797 88111185,
657 2756 692 2788 81
707 2761 798 2798 pace
818 2761 862 2787 ac

96 2798 297 2835 securitate
321 2798 580 2835 conscientiae.
602 2799 710 2842 Quod
745 2798 861 2834 refer—

97 2849 159 2882 tur
174 2845 270 2883 illud
291 2856 300 2882 :
319 2860 332 2877 α
357 2845 577 2892 Requiescet
603 2847 862 2892 unusquisque

97 2891 169 2929 sub
195 2894 307 2930 vinea
338 2903 417 2938 sua,
440 2898 476 2929 et
513 2892 584 2930 sub
618 2893 692 2930 ticu
724 2904 806 2938 sua,
827 2898 863 2930 et

95 2949 177 2977 non
196 2940 266 2977 erit
285 2940 350 2986 qui
369 2944 564 2977 exterreat.
580 2956 595 2974 ι

145 2987 255 3032 Quod
270 2987 538 3035 interpretatur
555 2993 710 3026 5888185
729 2988 863 3026 Hiero-

899 2666 1007 2699 num,
1037 2667 1082 2692 eo
1120 2657 1220 2702 quod
1257 2656 1325 2692 viae
1356 2660 1392 2692 et
1429 2655 1514 2691 vitae
1553 2655 1667 2698 hujus

899 2704 1078 2749 gaudium
1117 2705 1177 2748 sit,
1211 2704 1309 2751 quod
1343 2703 1516 2740 nondum
1555 2702 1666 2739 habet

901 2751 1177 2796 plenitudinem
1212 2756 1250 2788 et
1294 2750 1666 2788 consummationem

900 2809 1020 2842 suam,
1042 2799 1104 2835 dat
1126 2803 1252 2836 tamen
1264 2799 1363 2835 vires
1381 2799 1427 2834 ad
1446 2799 1545 2834 viam
1560 2808 1666 2834 man·

900 2847 1072 2883 datorum
1105 2846 1268 2884 alacrius
1298 2846 1608 2893 percurrendam,
1629 2847 1667 2880 et

900 2905 921 2930 a
960 2895 1121 2931 Domino
1158 2895 1344 2942 provenit.
1379 2897 1442 2930 Est
1480 2902 1590 2938 porro
1629 2896 1667 2928 81

900 2942 1079 2987 gaudium
1106 2942 1264 2989 plenum
1284 2942 1332 2978 ad
1351 2941 1451 2987 quod
1483 2939 1582 2976 istud
1603 2949 1667 2976 58-

901 2989 1112 3036 miplenum
1131 2990 1266 3035 tendit,
1287 2989 1389 3035 quod
1407 2992 1463 3024 est
1487 2986 1666 3034 gaudium
