1884 3164
1679 169 1738 213 99

165 274 271 316 mais
290 273 321 314 il
340 272 381 313 16
399 268 591 324 previent
609 269 652 307 et
670 263 880 318 I’appelle,
899 266 942 303 et
962 261 993 303 il
1013 261 1074 302 lui
1094 260 1156 301 dit
1175 273 1188 300 ε
1211 273 1231 295 α
1254 259 1380 298 Porte
1409 256 1463 296 ici
1494 260 1568 296 ton
1599 255 1738 310 doigt.

163 342 208 380 et
224 335 402 390 regardo
420 345 510 374 mes
530 330 691 379 meins;
714 328 923 382 approche
946 329 988 367 ta
1007 325 1137 373 main,
1155 326 1198 365 et
1214 321 1388 365 mets-la
1400 321 1503 360 dens
1518 332 1615 360 mon
1630 321 1738 372 6016,

163 409 209 445 et
226 402 281 444 ne
299 401 381 441 sois
398 399 492 453 plus
511 395 739 444 incredule,
763 393 867 434 mais
887 391 1009 432 fidele
1027 390 1123 443 (loc.
1145 388 1255 442 cit).1›
1279 386 1390 436 Puis,
1413 385 1568 426 devant
1586 388 1695 434 tous,
1708 383 1742 425 il

166 467 295 520 recoit
314 478 360 506 sa
378 463 615 505 confession
636 466 677 502 et
697 473 773 501 son
794 458 995 512 repentir.
1019 459 1073 496 Le
1095 456 1307 506 Seigneur
1326 465 1351 492 a
1370 452 1478 492 donc
1498 452 1665 491 montre
1695 463 1743 490 sa

161 532 371 586 patience,
393 529 486 583 puis
507 541 552 568 sa
571 524 840 567 misericorde
860 534 1008 564 envers
1030 521 1106 570 lui,
1129 532 1236 572 pour
1250 517 1354 571 qu’il
1367 517 1496 557 servit
1509 515 1744 569 d’exemple

164 600 192 638 ὲ,
208 608 316 638 ceux
335 595 408 648 qui
427 594 613 634 croiront
632 604 740 644 pour
759 590 800 629 la
820 589 884 628 vie
904 586 1122 628 6161116116.
1145 584 1177 625 11
1199 598 1223 623 a
1245 583 1371 622 voulu
1395 595 1470 635 par
1488 594 1565 622 son
1597 592 1742 621 exem-

165 663 234 716 ple
254 663 452 714 preparer
472 661 514 699 et
532 657 689 698 exciter
713 659 806 695 tous
829 654 886 694 les
907 654 1101 704 croynuts
1122 650 1194 690 des
1214 649 1358 689 5166165
1377 648 1512 687 futurs
1533 648 1559 687 a
1577 645 1745 687 obtenir

164 728 208 768 la
226 728 292 768 vie
312 724 527 772 eternelle,
552 722 637 763 afin
659 734 740 774 que
760 732 837 772 par
856 719 898 758 la
921 718 1141 771 penitence
1160 715 1323 754 chacun
1343 713 1470 753 d'eux
1489 724 1558 751 ose
1578 712 1746 764 esperer

166 793 205 833 le
225 791 381 845 purdon
400 790 455 830 du
476 788 615 830 Christ
634 793 676 827 et
695 798 738 825 56
757 784 947 836 refugier
966 795 1020 823 60
1040 780 1254 834 suppliaut
1292 791 1385 818 vers
1415 778 1476 817 lui
1508 790 1616 830 pour
1645 775 1748 817 l'ob-

170 858 294 898 tenir.

219 923 272 964 11.
295 944 347 956 --
366 922 430 962 Du
450 921 542 960 cotc'
562 919 619 959 du
640 916 825 969 disciple,
850 915 878 954 il
898 927 950 954 60
971 916 1033 953 651
1053 911 1209 952 1650116
1229 923 1274 950 66
1294 909 1392 949 hieu
1413 908 1518 961 qu'il
1542 909 1665 948 sortit
1695 906 1749 948 de

166 989 208 1029 la
229 988 322 1041 plus
342 985 531 1036 humble,
555 984 647 1036 plus
668 982 852 1035 prudent
871 984 912 1019 et
933 979 1025 1031 plus
1044 978 1223 1026 fervent,
1261 976 1455 1028 ptem-aut
1486 986 1561 1013 son
1594 972 1748 1013 infide-

166 1054 239 1095 lite
259 1058 302 1094 et
321 1065 367 1093 sa
387 1052 534 1093 durete
554 1050 605 1090 de
626 1061 754 1094 coeur,
780 1047 872 1099 pret
890 1049 914 1084 a
935 1044 1083 1083 sceller
1102 1042 1152 1082 dc
1174 1054 1219 1080 sa
1246 1043 1357 1080 mort
1389 1043 1431 1079 et
1458 1039 1508 1078 de
1540 1051 1615 1078 son
1640 1049 1750 1090 sang

164 1119 207 1160 la
227 1119 285 1159 foi
305 1117 378 1171 qui
398 1117 457 1157 lui
478 1115 593 1156 avait
612 1115 677 1154 616
699 1112 875 1153 rendue.
900 1109 1022 1150 Aussi
1048 1107 1407 1160 pouvonsfflousfil
1428 1104 1511 1143 bon
1525 1103 1750 1153 droit‚dire

166 1185 219 1226 de
237 1184 350 1224 saint
367 1183 551 1223 Thomas
570 1192 616 1220 ce
635 1191 716 1231 que
737 1177 847 1216 saint
868 1174 1086 1216 Ambroise
1105 1173 1165 1212 dit
1196 1172 1248 1211 de
1281 1171 1392 1211 saint
1425 1170 1567 1210 Pierre
1590 1182 1601 1209 ε
1627 1182 1648 1207 «
1672 1169 1751 1210 Les

167 1249 314 1299 saints,
327 1247 469 1300 quand
484 1246 514 1286 il
529 1245 620 1285 leur
634 1243 770 1284 arrive
784 1242 835 1282 de
851 1240 1013 1280 tombcr
1027 1251 1069 1278 56
1085 1238 1274 1279 relevent
1287 1237 1380 1288 plus
1394 1236 1592 1274 fervents.
1606 1233 1752 1274 Pierre

170 1314 316 1355 devint
335 1313 428 1366 plus
450 1311 570 1351 fidele
590 1310 710 1364 apres
730 1307 847 1347 avoir
869 1306 1012 1358 pleure
1035 1305 1073 1343 la
1096 1307 1212 1355 perte
1232 1301 1282 1340 de
1302 1313 1348 1339 sa
1369 1300 1444 1348 foi,
1466 1302 1510 1339 et
1521 1298 1628 1338 ainsi
1647 1298 1676 1337 il
1690 1309 1754 1338 re-

170 1391 326 1420 couvra
344 1389 427 1418 une
450 1375 583 1428 gleire
604 1374 696 1427 plus
718 1371 878 1424 grande
900 1382 979 1422 que
994 1368 1096 1408 celle
1119 1367 1219 1420 qu'il
1241 1366 1355 1406 avait
1369 1365 1525 1418 perduc
1541 1363 1595 1416 (in
1607 1362 1747 1415 Luc).»

171 1445 260 1492 Que
278 1442 386 1483 celui
406 1442 514 1481 donc
534 1440 607 1493 qui
631 1443 693 1478 est
713 1437 868 1477 (16110111
890 1446 1047 1487 prenne
1071 1433 1201 1485 garde
1222 1432 1272 1470 de
1304 1443 1357 1470 ne
1388 1443 1463 1483 pes
1493 1429 1676 1479 tomher‚
1709 1430 1753 1469 et

170 1521 224 1550 ne
245 1510 437 1561 presume
458 1505 577 1558 point
597 1504 648 1544 de
668 1516 733 1542 ses
767 1512 941 1554 propi-es
976 1500 1125 1538 forces.
1160 1496 1277 1545 Mais,
1314 1508 1394 1548 que
1433 1494 1541 1534 celui
1579 1493 1652 1547 qui
1690 1494 1754 1533 est

167 1573 311 1614 tombe
342 1572 422 1612 5011
438 1573 606 1624 prompt
625 1570 650 1608 a
668 1579 713 1608 56
734 1567 900 1607 relever
920 1577 1019 1604 avec
1047 1563 1229 1612 ferveur‚
1252 1561 1337 1601 alin
1369 1560 1420 1600 de
1452 1571 1675 1600 recouvrer
1703 1570 1752 1600 66

169 1638 316 1692 qu’ila
335 1636 467 1690 perdu
488 1638 530 1676 et
554 1632 788 1686 d'acquerir
818 1632 955 1671 meme
985 1641 1067 1670 une
1101 1628 1233 1679 gloire
1264 1627 1529 1679 superieure.
1562 1625 1751 1666 Thomas

168 1715 224 1744 ne
245 1704 308 1743 fut
322 1701 476 1755 jamais
490 1700 582 1753 plus
602 1698 688 1738 zele
710 1710 817 1751 pour
838 1696 874 1736 le
895 1695 1005 1735 salut
1025 1694 1096 1734 des
1116 1695 1232 1733 ames
1263 1694 1306 1732 et
1336 1704 1444 1744 pour
1475 1691 1517 1730 la
1550 1690 1625 1741 foi,
1658 1701 1744 1743 que

170 1767 359 1821 lorsqu'il
379 1767 444 1807 fut
463 1766 565 1806 sorti
585 1765 636 1805 de
657 1776 729 1803 sou
750 1762 969 1802 infidelite.
992 1762 1147 1800 Toutes
1166 1770 1232 1798 ces
1251 1758 1422 1797 nations
1442 1755 1545 1809 qu‘il
1571 1767 1750 1796 conver-

170 1835 237 1884 tit,
258 1834 318 1874 les
338 1831 601 1879 llircanicns,
624 1829 683 1868 165
702 1828 931 1876 Baeti-icus,
963 1826 1021 1865 les
1053 1824 1236 1870 Indiens,
1272 1826 1367 1862 sont
1396 1822 1456 1862 les
1485 1821 1667 1861 16010105
1697 1819 1752 1863 do

159 1912 247 1939 vsou
269 1899 369 1946 zele,
390 1897 448 1937 les
477 1896 655 1935 16100105
687 1894 743 1933 du
775 1893 922 1932 labeur
954 1891 1056 1943 qu'il
1088 1889 1200 1929 subit
1237 1900 1343 1941 pour
1373 1888 1416 1927 la
1446 1887 1522 1927 foi.
1555 1889 1610 1927 Le
1642 1898 1750 1940 sang

708 175 908 218 t’ocnvn
937 183 989 214 ne
1011 182 1191 218 mouns.

174 2045 369 2093 terrogat-i,
408 2044 473 2080 scd
519 2042 699 2089 praevenit
753 2045 788 2078 ct
835 2044 939 2076 vocat
978 2037 1196 2080 surrexerit,
1223 2037 1366 2072 deflens
1398 2045 1505 2071 suani
1540 2034 1750 2071 infidelita-

135 2125 138 2129 .
175 2104 278 2138 eum,
318 2093 483 2138 dicitque
523 2102 531 2127 :
577 2103 591 2122 α
633 2090 734 2125 111161
780 2088 939 2134 digitum
981 2092 1055 2122 tem
1082 2091 1117 2121 61
1148 2084 1326 2120 duritiam
1365 2083 1504 2126 cordis,
1527 2082 1640 2118 tidem
1673 2081 1749 2119 sibi

176 2147 285 2178 tuum
316 2140 403 2179 11116,
425 2143 460 2175 61
494 2138 576 2175 vide
605 2147 741 2174 manus
768 2147 884 2180 incas,
906 2140 940 2170 ct
981 2133 1188 2170 restitutam
1210 2137 1328 2168 morte
1349 2135 1384 2167 et
1415 2130 1600 2176 sauguine
1621 2129 1751 2176 obsig-

174 2188 267 2226 affer
295 2198 452 2224 manum
474 2191 590 2230 tuam,
611 2190 647 2221 et
668 2185 772 2220 mitte
794 2183 832 2219 111
846 2184 942 2219 tatus
981 2192 1070 2218 nare
1085 2185 1235 2228 paratus
1252 2179 1356 2216 Unde
1370 2178 1415 2214 (16
1436 2182 1566 2214 sancto
1603 2177 1750 2214 Thomu.

177 2246 319 2280 meum,
341 2234 474 2272 ctnoli
507 2245 588 2270 esse
619 2231 839 2269 incredulus
877 2230 940 2266 scd

176 2283 312 2320 tidelis.
363 2298 376 2315 n
412 2282 573 2327 Moxque
603 2290 731 2317 coram
763 2278 942 2315 omnibus

162 2331 310 2378 -recipit
334 2330 580 2367 confitentem
612 2333 647 2364 61
679 2327 939 2374 poenitentem.

177 2378 401 2417 Patientiam
427 2387 515 2423 ergo
547 2375 710 2413 ostendit
744 2374 940 2418 Dominus,

169 2425 316 2464 deinde
352 2424 652 2462 miscricordiam
691 2432 777 2468 erga
818 2422 941 2464 illum,

180 2473 229 2510 ad
249 2473 557 2510 informationem
578 2481 709 2507 corum
730 2469 793 2516 qui
818 2469 942 2506 credi-

181 2521 256 2557 turi
277 2524 366 2557 sunt
402 2520 443 2557 in
479 2519 593 2555 vitam
628 2522 825 2555 aetcrnam.
868 2517 943 2552 1106

180 2572 250 2611 651,
271 2571 312 2603 ut
338 2567 419 2613 eius
450 2566 625 2612 exemplo
658 2566 878 2601 informaret
909 2568 944 2600 ct

180 2614 361 2652 excitaret
379 2624 512 2651 omnes
531 2613 595 2660 qui
628 2612 764 2649 suturis
795 2611 945 2648 saeculis

181 2661 362 2700 credituri
381 2665 470 2697 sunt
498 2661 546 2698 ad
565 2660 810 2697 obtinendam
830 2660 943 2695 vitam

171 2714 376 2753 aeternam,
393 2711 432 2744 ut
450 2718 516 2754 per
533 2707 797 2754 poenitentiam
811 2707 947 2743 audeat

205 2757 339 2803 uisque
375 2765 507 2792 corum
544 2765 693 2801 sperare
734 2755 885 2791 veniam
924 2765 945 2789 a

174 2768 328 2842 {bristo
349 2807 384 2839 et
403 2802 451 2839 ad
470 2811 557 2838 eum
571 2802 792 2848 suppliciter
812 2812 879 2849 pro
903 2811 946 2838 ea

183 2852 400 2899 confugere.

230 2898 418 2942 Secundo,
439 2907 485 2933 ex
522 2899 626 2942 parte
663 2894 758 2932 disci
786 2895 843 2932 uli
876 2895 947 2932 hoc

174 2946 275 2984 boni
295 2948 542 2983 consecutum
576 2946 646 2986 est,
674 2952 748 2988 quo
811 2942 948 2979 exinde

181 2992 380 3040 humilior,
400 2992 559 3037 cautior,
580 2989 856 3036 ferventiorque
885 3000 949 3027 re-

986 2234 1086 2266 rectc
1123 2228 1249 2264 dicere
1300 2235 1501 2273 possumus
1547 2225 1646 2272 quod
1702 2224 1750 2262 de

981 2280 1111 2313 sancto
1139 2275 1245 2311 Petro
1271 2274 1362 2311 dicit
1401 2277 1554 2309 sanctus
1585 2271 1748 2310 Ambro-

981 2325 1058 2360 sius
1081 2334 1089 2360 ε
1110 2338 1124 2355 κ
1148 2322 1290 2366 Sancti,
1312 2322 1343 2358 si
1363 2320 1567 2366 aliquando
1587 2320 1746 2366 cadunt,

980 2372 1184 2408 alacriores
1206 2372 1417 2415 resurgunt.
1446 2368 1608 2404 Fidelior
1627 2367 1750 2405 factus

982 2424 1035 2456 est
1058 2419 1187 2455 Petrus
1207 2424 1407 2464 postquam
1428 2426 1469 2452 se
1489 2415 1601 2452 tidem
1628 2415 1751 2470 perdi—

982 2468 1082 2503 dissc
1113 2466 1274 2511 dcssevit,
1297 2471 1409 2510 atque
1443 2463 1528 2500 ideo
1565 2473 1752 2510 majorem

983 2515 1141 2561 gloriam
1164 2514 1316 2559 reperit,
1337 2521 1450 2558 quam
1469 2510 1610 2548 amisit.
1635 2526 1649 2543 ι
1679 2511 1753 2556 Qui

986 2563 1098 2608 igitur
1117 2565 1204 2604 stat,
1227 2560 1348 2596 videat
1380 2569 1429 2595 ne
1449 2558 1573 2604 cadat,
1595 2569 1667 2596 nec
1705 2558 1752 2595 de

983 2620 1022 2646 se
1059 2611 1261 2656 praesumat
1282 2624 1290 2650 ;
1330 2607 1394 2653 qui
1432 2617 1519 2643 vero
1558 2605 1751 2650 ceciderit,

985 2667 1071 2694 mox
1111 2656 1295 2692 sollicitus
1335 2654 1382 2690 sit
1427 2664 1619 2700 resurgere
1664 2664 1753 2690 cum

984 2705 1142 2748 fervore,
1161 2708 1203 2757 'ut
1225 2702 1324 2749 quod
1343 2700 1485 2746 amisit,
1506 2702 1622 2748 possit
1645 2711 1751 2738 recu-

986 2762 1126 2798 perare,
1158 2760 1276 2787 immo
1314 2754 1350 2786 et
1382 2750 1541 2796 gratiam
1567 2749 1752 2794 majorem

984 2799 1190 2845 acquirere.
1213 2797 1419 2844 Nunquam
1436 2797 1487 2833 ita
1521 2796 1632 2832 saluti
1665 2795 1753 2831 ani-

985 2856 1133 2883 marum
1152 2850 1188 2882 et
1208 2845 1296 2882 fidei
1310 2844 1468 2881 affectus
1487 2844 1556 2880 fuit
1571 2843 1752 2886 Thomas,

985 2905 1098 2941 quam
1113 2893 1263 2940 quando
1276 2892 1324 2928 ab
1338 2891 1560 2928 infidelitate
1572 2889 1750 2926 surrexit.

986 2942 1129 2978 01111165
1149 2941 1230 2977 istae
1250 2940 1426 2976 nationes
1440 2948 1533 2984 quas
1553 2936 1753 2980 convertit,

990 2988 1155 3035 Hircani,
1174 2987 1307 3034 Bactri,
1324 2986 1419 3032 ludi,
1436 2989 1549 3022 testes
1562 2987 1651 3021 sunt
1665 2983 1754 3031 zeli,
